%YAML 1.1
%TAG !u! tag:unity3d.com,2011:
--- !u!1 &518983817
GameObject:
  m_ObjectHideFlags: 0
  m_CorrespondingSourceObject: {fileID: 0}
  m_PrefabInstance: {fileID: 0}
  m_PrefabAsset: {fileID: 0}
  serializedVersion: 6
  m_Component:
  - component: {fileID: 518983818}
  - component: {fileID: 518983820}
  - component: {fileID: 518983819}
  m_Layer: 0
  m_Name: SR_0006
  m_TagString: Untagged
  m_Icon: {fileID: 0}
  m_NavMeshLayer: 0
  m_StaticEditorFlags: 0
  m_IsActive: 1
--- !u!4 &518983818
Transform:
  m_ObjectHideFlags: 0
  m_CorrespondingSourceObject: {fileID: 0}
  m_PrefabInstance: {fileID: 0}
  m_PrefabAsset: {fileID: 0}
  m_GameObject: {fileID: 518983817}
  m_LocalRotation: {x: 0, y: 0, z: 0, w: 1}
  m_LocalPosition: {x: 0, y: 0, z: 0}
  m_LocalScale: {x: 1, y: 1, z: 1}
  m_Children: []
  m_Father: {fileID: 298695307455265297}
  m_RootOrder: 6
  m_LocalEulerAnglesHint: {x: 0, y: 0, z: 0}
--- !u!114 &518983820
MonoBehaviour:
  m_ObjectHideFlags: 0
  m_CorrespondingSourceObject: {fileID: 0}
  m_PrefabInstance: {fileID: 0}
  m_PrefabAsset: {fileID: 0}
  m_GameObject: {fileID: 518983817}
  m_Enabled: 1
  m_EditorHideFlags: 0
  m_Script: {fileID: 11500000, guid: b856f4752839c4aa6aa9e730f437aee8, type: 3}
  m_Name: 
  m_EditorClassIdentifier: 
  VeilName: SR_0006
  LayerImage: {fileID: 0}
  Tint: {r: 0.9811321, g: 0.023139905, b: 0.87530744, a: 0.14509805}
  StoryColour: {r: 0.2124743, g: 0.03404236, b: 0.4811321, a: 1}
  FadeInBackground: 1
  FadeInAlpha: 0.15
  InstrumentText: 
  InstrumentImage: {fileID: 0}
  IntroStory: 'Dear bard I see you bear the mark of the Goddess of Light, please continue
    to play the song of healing throughout my halls.  The Darkness has corrupted these
    caverns of the fish folk, your song burns away the corruption and cleanses the
    underground springs that give life to the surface.

'
  OutroStory: 
  FailMessage: 
  EntryAudio: {fileID: 0}
  TimeoutAudio: {fileID: 8300000, guid: 7b0e5efd5bd914ec39175d1779fec97a, type: 3}
  SuccessAudio: {fileID: 8300000, guid: 8a7d4a046601e4d72b8892c21f93cbfb, type: 3}
  FailAudio: {fileID: 8300000, guid: 3c8331c4f70d74c8ba8f293e38b9b893, type: 3}
  SpendCoins: 0
  MaxTouchDistance: 6
  EntryCostLandHealth: 2
  SuccessLandHealth: 5
  FailLandHealth: 4
  NextLayerChoices:
  - ChoiceText: 
    TargetLayer: {fileID: 1145436098}
    HealthPercent: 0
  SkipTouchstones: 0
  BeatsPerMinute: 100
  TouchStones:
  - NoteNumber: 8
    IntervalBeats: 0.5
    FlashTime: 0.5
    InstrumentNote: {fileID: 8300000, guid: 5652ba67507734c358e23beef121b573, type: 3}
    GridCoords: {x: 0, y: 0}
  - NoteNumber: 7
    IntervalBeats: 0.5
    FlashTime: 0.5
    InstrumentNote: {fileID: 8300000, guid: 1a25931a039d349b383cf5c31dd2976c, type: 3}
    GridCoords: {x: 0, y: 0}
  - NoteNumber: 2
    IntervalBeats: 0.5
    FlashTime: 0.5
    InstrumentNote: {fileID: 8300000, guid: 1607eaa7d0c2c4ae184c2f0833b50050, type: 3}
    GridCoords: {x: 0, y: 0}
  SearchGridWidth: 3
  SearchGridHeight: 1
  PauseAfterPlay: 0.1
  CaptureTimeLimit: 6
  FinalCountdown: 3
--- !u!114 &518983819
MonoBehaviour:
  m_ObjectHideFlags: 0
  m_CorrespondingSourceObject: {fileID: 0}
  m_PrefabInstance: {fileID: 0}
  m_PrefabAsset: {fileID: 0}
  m_GameObject: {fileID: 518983817}
  m_Enabled: 1
  m_EditorHideFlags: 0
  m_Script: {fileID: 11500000, guid: 50213cfcb711a479ab41575ae00356a7, type: 3}
  m_Name: 
  m_EditorClassIdentifier: 
  backingTrack: event:/INSTRUMENTS/1_Horn
  instrument1: 
  instrument2: 
  instrument3: 
  instrument4: 
--- !u!1 &775243682
GameObject:
  m_ObjectHideFlags: 0
  m_CorrespondingSourceObject: {fileID: 0}
  m_PrefabInstance: {fileID: 0}
  m_PrefabAsset: {fileID: 0}
  serializedVersion: 6
  m_Component:
  - component: {fileID: 775243683}
  - component: {fileID: 775243685}
  - component: {fileID: 775243684}
  m_Layer: 0
  m_Name: SR_0013
  m_TagString: Untagged
  m_Icon: {fileID: 0}
  m_NavMeshLayer: 0
  m_StaticEditorFlags: 0
  m_IsActive: 1
--- !u!4 &775243683
Transform:
  m_ObjectHideFlags: 0
  m_CorrespondingSourceObject: {fileID: 0}
  m_PrefabInstance: {fileID: 0}
  m_PrefabAsset: {fileID: 0}
  m_GameObject: {fileID: 775243682}
  m_LocalRotation: {x: 0, y: 0, z: 0, w: 1}
  m_LocalPosition: {x: 0, y: 0, z: 0}
  m_LocalScale: {x: 1, y: 1, z: 1}
  m_Children: []
  m_Father: {fileID: 298695307455265297}
  m_RootOrder: 13
  m_LocalEulerAnglesHint: {x: 0, y: 0, z: 0}
--- !u!114 &775243685
MonoBehaviour:
  m_ObjectHideFlags: 0
  m_CorrespondingSourceObject: {fileID: 0}
  m_PrefabInstance: {fileID: 0}
  m_PrefabAsset: {fileID: 0}
  m_GameObject: {fileID: 775243682}
  m_Enabled: 1
  m_EditorHideFlags: 0
  m_Script: {fileID: 11500000, guid: b856f4752839c4aa6aa9e730f437aee8, type: 3}
  m_Name: 
  m_EditorClassIdentifier: 
  VeilName: SR_0013
  LayerImage: {fileID: 0}
  Tint: {r: 0.9811321, g: 0.023139905, b: 0.87530744, a: 0.14509805}
  StoryColour: {r: 0.2124743, g: 0.03404236, b: 0.4811321, a: 1}
  FadeInBackground: 1
  FadeInAlpha: 0.15
  InstrumentText: 
  InstrumentImage: {fileID: 0}
  IntroStory: "You now learned the Sun Ballad.  \r\n'Take this, it is the horn of
    the sun'. \rYou received the War Horn of Solaris   \r\nA warp gate suddenly appears
    in front of the marbled archway, you look into the swirling golden miasma. 'Where
    you are going the eternal sun burns.'"
  OutroStory: 
  FailMessage: 
  EntryAudio: {fileID: 0}
  TimeoutAudio: {fileID: 8300000, guid: 7b0e5efd5bd914ec39175d1779fec97a, type: 3}
  SuccessAudio: {fileID: 8300000, guid: 8a7d4a046601e4d72b8892c21f93cbfb, type: 3}
  FailAudio: {fileID: 8300000, guid: 3c8331c4f70d74c8ba8f293e38b9b893, type: 3}
  SpendCoins: 0
  MaxTouchDistance: 6
  EntryCostLandHealth: 2
  SuccessLandHealth: 5
  FailLandHealth: 4
  NextLayerChoices:
  - ChoiceText: 
    TargetLayer: {fileID: 298695308539747973}
    HealthPercent: 0
  SkipTouchstones: 0
  BeatsPerMinute: 100
  TouchStones:
  - NoteNumber: 1
    IntervalBeats: 0.5
    FlashTime: 0.5
    InstrumentNote: {fileID: 8300000, guid: 53909aa9c7d0d475e80a9dd3a11f1a52, type: 3}
    GridCoords: {x: 0, y: 0}
  - NoteNumber: 5
    IntervalBeats: 0.5
    FlashTime: 0.2
    InstrumentNote: {fileID: 8300000, guid: 2341fc5088e0c42caae54d8e58ec600e, type: 3}
    GridCoords: {x: 0, y: 0}
  - NoteNumber: 8
    IntervalBeats: 0.5
    FlashTime: 0.2
    InstrumentNote: {fileID: 8300000, guid: 53909aa9c7d0d475e80a9dd3a11f1a52, type: 3}
    GridCoords: {x: 0, y: 0}
  SearchGridWidth: 4
  SearchGridHeight: 4
  PauseAfterPlay: 0.1
  CaptureTimeLimit: 6
  FinalCountdown: 3
--- !u!114 &775243684
MonoBehaviour:
  m_ObjectHideFlags: 0
  m_CorrespondingSourceObject: {fileID: 0}
  m_PrefabInstance: {fileID: 0}
  m_PrefabAsset: {fileID: 0}
  m_GameObject: {fileID: 775243682}
  m_Enabled: 1
  m_EditorHideFlags: 0
  m_Script: {fileID: 11500000, guid: 50213cfcb711a479ab41575ae00356a7, type: 3}
  m_Name: 
  m_EditorClassIdentifier: 
  backingTrack: event:/INSTRUMENTS/1_Horn
  instrument1: 
  instrument2: 
  instrument3: 
  instrument4: 
--- !u!1 &789890802
GameObject:
  m_ObjectHideFlags: 0
  m_CorrespondingSourceObject: {fileID: 0}
  m_PrefabInstance: {fileID: 0}
  m_PrefabAsset: {fileID: 0}
  serializedVersion: 6
  m_Component:
  - component: {fileID: 789890803}
  - component: {fileID: 789890805}
  - component: {fileID: 789890804}
  m_Layer: 0
  m_Name: SR_0010
  m_TagString: Untagged
  m_Icon: {fileID: 0}
  m_NavMeshLayer: 0
  m_StaticEditorFlags: 0
  m_IsActive: 1
--- !u!4 &789890803
Transform:
  m_ObjectHideFlags: 0
  m_CorrespondingSourceObject: {fileID: 0}
  m_PrefabInstance: {fileID: 0}
  m_PrefabAsset: {fileID: 0}
  m_GameObject: {fileID: 789890802}
  m_LocalRotation: {x: 0, y: 0, z: 0, w: 1}
  m_LocalPosition: {x: 0, y: 0, z: 0}
  m_LocalScale: {x: 1, y: 1, z: 1}
  m_Children: []
  m_Father: {fileID: 298695307455265297}
  m_RootOrder: 10
  m_LocalEulerAnglesHint: {x: 0, y: 0, z: 0}
--- !u!114 &789890805
MonoBehaviour:
  m_ObjectHideFlags: 0
  m_CorrespondingSourceObject: {fileID: 0}
  m_PrefabInstance: {fileID: 0}
  m_PrefabAsset: {fileID: 0}
  m_GameObject: {fileID: 789890802}
  m_Enabled: 1
  m_EditorHideFlags: 0
  m_Script: {fileID: 11500000, guid: b856f4752839c4aa6aa9e730f437aee8, type: 3}
  m_Name: 
  m_EditorClassIdentifier: 
  VeilName: SR_0010
  LayerImage: {fileID: 0}
  Tint: {r: 0.9811321, g: 0.023139905, b: 0.87530744, a: 0.14509805}
  StoryColour: {r: 0.2124743, g: 0.03404236, b: 0.4811321, a: 1}
  FadeInBackground: 1
  FadeInAlpha: 0.15
  InstrumentText: 
  InstrumentImage: {fileID: 0}
  IntroStory: "Your instrument glows a bright white light and then explodes - a radiant
    light that expands outwards, covering the entire cavern in white light.\r"
  OutroStory: 
  FailMessage: 
  EntryAudio: {fileID: 0}
  TimeoutAudio: {fileID: 8300000, guid: 7b0e5efd5bd914ec39175d1779fec97a, type: 3}
  SuccessAudio: {fileID: 8300000, guid: 8a7d4a046601e4d72b8892c21f93cbfb, type: 3}
  FailAudio: {fileID: 8300000, guid: 3c8331c4f70d74c8ba8f293e38b9b893, type: 3}
  SpendCoins: 0
  MaxTouchDistance: 6
  EntryCostLandHealth: 2
  SuccessLandHealth: 5
  FailLandHealth: 4
  NextLayerChoices:
  - ChoiceText: 
    TargetLayer: {fileID: 1230552441}
    HealthPercent: 0
  SkipTouchstones: 0
  BeatsPerMinute: 100
  TouchStones:
  - NoteNumber: 8
    IntervalBeats: 0.5
    FlashTime: 0.5
    InstrumentNote: {fileID: 8300000, guid: af9e40e02f3c44447b12d2caec0d13bb, type: 3}
    GridCoords: {x: 0, y: 0}
  - NoteNumber: 10
    IntervalBeats: 0.5
    FlashTime: 0.2
    InstrumentNote: {fileID: 8300000, guid: f52864f12471a438e9e7f8feffac0494, type: 3}
    GridCoords: {x: 0, y: 0}
  - NoteNumber: 7
    IntervalBeats: 0.5
    FlashTime: 0.2
    InstrumentNote: {fileID: 8300000, guid: e94a275d1bb1c425cb51de654f6f47b7, type: 3}
    GridCoords: {x: 0, y: 0}
  - NoteNumber: 3
    IntervalBeats: 0.5
    FlashTime: 0.2
    InstrumentNote: {fileID: 8300000, guid: e94a275d1bb1c425cb51de654f6f47b7, type: 3}
    GridCoords: {x: 0, y: 0}
  SearchGridWidth: 4
  SearchGridHeight: 1
  PauseAfterPlay: 0.1
  CaptureTimeLimit: 6
  FinalCountdown: 3
--- !u!114 &789890804
MonoBehaviour:
  m_ObjectHideFlags: 0
  m_CorrespondingSourceObject: {fileID: 0}
  m_PrefabInstance: {fileID: 0}
  m_PrefabAsset: {fileID: 0}
  m_GameObject: {fileID: 789890802}
  m_Enabled: 1
  m_EditorHideFlags: 0
  m_Script: {fileID: 11500000, guid: 50213cfcb711a479ab41575ae00356a7, type: 3}
  m_Name: 
  m_EditorClassIdentifier: 
  backingTrack: event:/INSTRUMENTS/1_Horn
  instrument1: 
  instrument2: 
  instrument3: 
  instrument4: 
--- !u!1 &1145436095
GameObject:
  m_ObjectHideFlags: 0
  m_CorrespondingSourceObject: {fileID: 0}
  m_PrefabInstance: {fileID: 0}
  m_PrefabAsset: {fileID: 0}
  serializedVersion: 6
  m_Component:
  - component: {fileID: 1145436096}
  - component: {fileID: 1145436098}
  - component: {fileID: 1145436097}
  m_Layer: 0
  m_Name: SR_0007MC
  m_TagString: Untagged
  m_Icon: {fileID: 0}
  m_NavMeshLayer: 0
  m_StaticEditorFlags: 0
  m_IsActive: 1
--- !u!4 &1145436096
Transform:
  m_ObjectHideFlags: 0
  m_CorrespondingSourceObject: {fileID: 0}
  m_PrefabInstance: {fileID: 0}
  m_PrefabAsset: {fileID: 0}
  m_GameObject: {fileID: 1145436095}
  m_LocalRotation: {x: 0, y: 0, z: 0, w: 1}
  m_LocalPosition: {x: 0, y: 0, z: 0}
  m_LocalScale: {x: 1, y: 1, z: 1}
  m_Children: []
  m_Father: {fileID: 298695307455265297}
  m_RootOrder: 7
  m_LocalEulerAnglesHint: {x: 0, y: 0, z: 0}
--- !u!114 &1145436098
MonoBehaviour:
  m_ObjectHideFlags: 0
  m_CorrespondingSourceObject: {fileID: 0}
  m_PrefabInstance: {fileID: 0}
  m_PrefabAsset: {fileID: 0}
  m_GameObject: {fileID: 1145436095}
  m_Enabled: 1
  m_EditorHideFlags: 0
  m_Script: {fileID: 11500000, guid: b856f4752839c4aa6aa9e730f437aee8, type: 3}
  m_Name: 
  m_EditorClassIdentifier: 
  VeilName: SR_0007MC
  LayerImage: {fileID: 0}
  Tint: {r: 0.9811321, g: 0.023139905, b: 0.87530744, a: 0.14509805}
  StoryColour: {r: 0.2124743, g: 0.03404236, b: 0.4811321, a: 1}
  FadeInBackground: 1
  FadeInAlpha: 0.15
  InstrumentText: 
  InstrumentImage: {fileID: 0}
  IntroStory: "Suddenly the water bubbles again but this time the fish folk ready
    spears, 'Prepare yourselves, the dark ones attack! Bard continue your journey
    and cleanse these caverns with your music, we will hold these beasts off!'\r"
  OutroStory: 
  FailMessage: 
  EntryAudio: {fileID: 0}
  TimeoutAudio: {fileID: 8300000, guid: 7b0e5efd5bd914ec39175d1779fec97a, type: 3}
  SuccessAudio: {fileID: 8300000, guid: 8a7d4a046601e4d72b8892c21f93cbfb, type: 3}
  FailAudio: {fileID: 8300000, guid: 3c8331c4f70d74c8ba8f293e38b9b893, type: 3}
  SpendCoins: 0
  MaxTouchDistance: 6
  EntryCostLandHealth: 2
  SuccessLandHealth: 5
  FailLandHealth: 4
  NextLayerChoices:
  - ChoiceText: Provide Assistance
    TargetLayer: {fileID: 2121858633}
    HealthPercent: 0
  - ChoiceText: Run
    TargetLayer: {fileID: 1230552441}
    HealthPercent: 0
  SkipTouchstones: 1
  BeatsPerMinute: 100
  TouchStones:
  - NoteNumber: 0
    IntervalBeats: 0.5
    FlashTime: 0.5
    InstrumentNote: {fileID: 8300000, guid: 5652ba67507734c358e23beef121b573, type: 3}
    GridCoords: {x: 0, y: 0}
  - NoteNumber: 0
    IntervalBeats: 0.5
    FlashTime: 0.5
    InstrumentNote: {fileID: 8300000, guid: 1a25931a039d349b383cf5c31dd2976c, type: 3}
    GridCoords: {x: 0, y: 0}
  SearchGridWidth: 2
  SearchGridHeight: 2
  PauseAfterPlay: 0.1
  CaptureTimeLimit: 6
  FinalCountdown: 3
--- !u!114 &1145436097
MonoBehaviour:
  m_ObjectHideFlags: 0
  m_CorrespondingSourceObject: {fileID: 0}
  m_PrefabInstance: {fileID: 0}
  m_PrefabAsset: {fileID: 0}
  m_GameObject: {fileID: 1145436095}
  m_Enabled: 1
  m_EditorHideFlags: 0
  m_Script: {fileID: 11500000, guid: 50213cfcb711a479ab41575ae00356a7, type: 3}
  m_Name: 
  m_EditorClassIdentifier: 
  backingTrack: event:/INSTRUMENTS/1_Horn
  instrument1: 
  instrument2: 
  instrument3: 
  instrument4: 
--- !u!1 &1230552438
GameObject:
  m_ObjectHideFlags: 0
  m_CorrespondingSourceObject: {fileID: 0}
  m_PrefabInstance: {fileID: 0}
  m_PrefabAsset: {fileID: 0}
  serializedVersion: 6
  m_Component:
  - component: {fileID: 1230552439}
  - component: {fileID: 1230552441}
  - component: {fileID: 1230552440}
  m_Layer: 0
  m_Name: SR_0009
  m_TagString: Untagged
  m_Icon: {fileID: 0}
  m_NavMeshLayer: 0
  m_StaticEditorFlags: 0
  m_IsActive: 1
--- !u!4 &1230552439
Transform:
  m_ObjectHideFlags: 0
  m_CorrespondingSourceObject: {fileID: 0}
  m_PrefabInstance: {fileID: 0}
  m_PrefabAsset: {fileID: 0}
  m_GameObject: {fileID: 1230552438}
  m_LocalRotation: {x: 0, y: 0, z: 0, w: 1}
  m_LocalPosition: {x: 0, y: 0, z: 0}
  m_LocalScale: {x: 1, y: 1, z: 1}
  m_Children: []
  m_Father: {fileID: 298695307455265297}
  m_RootOrder: 9
  m_LocalEulerAnglesHint: {x: 0, y: 0, z: 0}
--- !u!114 &1230552441
MonoBehaviour:
  m_ObjectHideFlags: 0
  m_CorrespondingSourceObject: {fileID: 0}
  m_PrefabInstance: {fileID: 0}
  m_PrefabAsset: {fileID: 0}
  m_GameObject: {fileID: 1230552438}
  m_Enabled: 1
  m_EditorHideFlags: 0
  m_Script: {fileID: 11500000, guid: b856f4752839c4aa6aa9e730f437aee8, type: 3}
  m_Name: 
  m_EditorClassIdentifier: 
  VeilName: SR_0009
  LayerImage: {fileID: 0}
  Tint: {r: 0.9811321, g: 0.023139905, b: 0.87530744, a: 0.14509805}
  StoryColour: {r: 0.2124743, g: 0.03404236, b: 0.4811321, a: 1}
  FadeInBackground: 1
  FadeInAlpha: 0.15
  InstrumentText: 
  InstrumentImage: {fileID: 0}
  IntroStory: "You hear shrieks of pain and commotion echo around the cavern as you
    descend deeper into the darkness.  The fish folk are now in full combat with the
    minions of darkness. You offer a silent prayer and continue on your journey.\r"
  OutroStory: 
  FailMessage: 
  EntryAudio: {fileID: 0}
  TimeoutAudio: {fileID: 8300000, guid: 7b0e5efd5bd914ec39175d1779fec97a, type: 3}
  SuccessAudio: {fileID: 8300000, guid: 8a7d4a046601e4d72b8892c21f93cbfb, type: 3}
  FailAudio: {fileID: 8300000, guid: 3c8331c4f70d74c8ba8f293e38b9b893, type: 3}
  SpendCoins: 0
  MaxTouchDistance: 6
  EntryCostLandHealth: 2
  SuccessLandHealth: 5
  FailLandHealth: 4
  NextLayerChoices:
  - ChoiceText: 
    TargetLayer: {fileID: 1571480785}
    HealthPercent: 0
  SkipTouchstones: 0
  BeatsPerMinute: 100
  TouchStones:
  - NoteNumber: 2
    IntervalBeats: 0.5
    FlashTime: 0.5
    InstrumentNote: {fileID: 8300000, guid: cccae528d57f44fb187bd63417e13bcd, type: 3}
    GridCoords: {x: 0, y: 0}
  - NoteNumber: 10
    IntervalBeats: 0.5
    FlashTime: 0.2
    InstrumentNote: {fileID: 8300000, guid: 4f0af8983470a41419e653e7dd8b3a29, type: 3}
    GridCoords: {x: 0, y: 0}
  - NoteNumber: 7
    IntervalBeats: 0.5
    FlashTime: 0.2
    InstrumentNote: {fileID: 8300000, guid: 434823a6c232247ef8106a9a775b9584, type: 3}
    GridCoords: {x: 0, y: 0}
  - NoteNumber: 5
    IntervalBeats: 0.5
    FlashTime: 0.2
    InstrumentNote: {fileID: 8300000, guid: 434823a6c232247ef8106a9a775b9584, type: 3}
    GridCoords: {x: 0, y: 0}
  SearchGridWidth: 4
  SearchGridHeight: 1
  PauseAfterPlay: 0.1
  CaptureTimeLimit: 6
  FinalCountdown: 3
--- !u!114 &1230552440
MonoBehaviour:
  m_ObjectHideFlags: 0
  m_CorrespondingSourceObject: {fileID: 0}
  m_PrefabInstance: {fileID: 0}
  m_PrefabAsset: {fileID: 0}
  m_GameObject: {fileID: 1230552438}
  m_Enabled: 1
  m_EditorHideFlags: 0
  m_Script: {fileID: 11500000, guid: 50213cfcb711a479ab41575ae00356a7, type: 3}
  m_Name: 
  m_EditorClassIdentifier: 
  backingTrack: event:/INSTRUMENTS/1_Horn
  instrument1: 
  instrument2: 
  instrument3: 
  instrument4: 
--- !u!1 &1275682990
GameObject:
  m_ObjectHideFlags: 0
  m_CorrespondingSourceObject: {fileID: 0}
  m_PrefabInstance: {fileID: 0}
  m_PrefabAsset: {fileID: 0}
  serializedVersion: 6
  m_Component:
  - component: {fileID: 1275682991}
  - component: {fileID: 1275682993}
  - component: {fileID: 1275682992}
  m_Layer: 0
  m_Name: SR_0004
  m_TagString: Untagged
  m_Icon: {fileID: 0}
  m_NavMeshLayer: 0
  m_StaticEditorFlags: 0
  m_IsActive: 1
--- !u!4 &1275682991
Transform:
  m_ObjectHideFlags: 0
  m_CorrespondingSourceObject: {fileID: 0}
  m_PrefabInstance: {fileID: 0}
  m_PrefabAsset: {fileID: 0}
  m_GameObject: {fileID: 1275682990}
  m_LocalRotation: {x: 0, y: 0, z: 0, w: 1}
  m_LocalPosition: {x: 0, y: 0, z: 0}
  m_LocalScale: {x: 1, y: 1, z: 1}
  m_Children: []
  m_Father: {fileID: 298695307455265297}
  m_RootOrder: 4
  m_LocalEulerAnglesHint: {x: 0, y: 0, z: 0}
--- !u!114 &1275682993
MonoBehaviour:
  m_ObjectHideFlags: 0
  m_CorrespondingSourceObject: {fileID: 0}
  m_PrefabInstance: {fileID: 0}
  m_PrefabAsset: {fileID: 0}
  m_GameObject: {fileID: 1275682990}
  m_Enabled: 1
  m_EditorHideFlags: 0
  m_Script: {fileID: 11500000, guid: b856f4752839c4aa6aa9e730f437aee8, type: 3}
  m_Name: 
  m_EditorClassIdentifier: 
  VeilName: SR_0004
  LayerImage: {fileID: 0}
  Tint: {r: 0.9811321, g: 0.023139905, b: 0.87530744, a: 0.14509805}
  StoryColour: {r: 0.2124743, g: 0.03404236, b: 0.4811321, a: 1}
  FadeInBackground: 1
  FadeInAlpha: 0.15
  InstrumentText: 
  InstrumentImage: {fileID: 0}
  IntroStory: "A hand shoots out and grabs your tunic. You plunge headfirst into the
    icy cold waters. From the surface it looked like it was shallow but your whole
    body falls completely into the pool!  Just as soon as you fall in you find yourself
    in the company of fish-like creatures on the dark lake\r"
  OutroStory: 
  FailMessage: 
  EntryAudio: {fileID: 0}
  TimeoutAudio: {fileID: 8300000, guid: 7b0e5efd5bd914ec39175d1779fec97a, type: 3}
  SuccessAudio: {fileID: 8300000, guid: 8a7d4a046601e4d72b8892c21f93cbfb, type: 3}
  FailAudio: {fileID: 8300000, guid: 3c8331c4f70d74c8ba8f293e38b9b893, type: 3}
  SpendCoins: 0
  MaxTouchDistance: 6
  EntryCostLandHealth: 2
  SuccessLandHealth: 5
  FailLandHealth: 4
  NextLayerChoices:
  - ChoiceText: 
    TargetLayer: {fileID: 1872367785}
    HealthPercent: 0
  SkipTouchstones: 0
  BeatsPerMinute: 100
  TouchStones:
  - NoteNumber: 7
    IntervalBeats: 0.5
    FlashTime: 0.5
    InstrumentNote: {fileID: 8300000, guid: 5652ba67507734c358e23beef121b573, type: 3}
    GridCoords: {x: 0, y: 0}
  - NoteNumber: 5
    IntervalBeats: 0.5
    FlashTime: 0.5
    InstrumentNote: {fileID: 8300000, guid: 1a25931a039d349b383cf5c31dd2976c, type: 3}
    GridCoords: {x: 0, y: 0}
  - NoteNumber: 3
    IntervalBeats: 0.5
    FlashTime: 0.5
    InstrumentNote: {fileID: 8300000, guid: 1a25931a039d349b383cf5c31dd2976c, type: 3}
    GridCoords: {x: 0, y: 0}
  SearchGridWidth: 3
  SearchGridHeight: 1
  PauseAfterPlay: 0.1
  CaptureTimeLimit: 6
  FinalCountdown: 3
--- !u!114 &1275682992
MonoBehaviour:
  m_ObjectHideFlags: 0
  m_CorrespondingSourceObject: {fileID: 0}
  m_PrefabInstance: {fileID: 0}
  m_PrefabAsset: {fileID: 0}
  m_GameObject: {fileID: 1275682990}
  m_Enabled: 1
  m_EditorHideFlags: 0
  m_Script: {fileID: 11500000, guid: 50213cfcb711a479ab41575ae00356a7, type: 3}
  m_Name: 
  m_EditorClassIdentifier: 
  backingTrack: event:/INSTRUMENTS/1_Horn
  instrument1: 
  instrument2: 
  instrument3: 
  instrument4: 
--- !u!1 &1571480782
GameObject:
  m_ObjectHideFlags: 0
  m_CorrespondingSourceObject: {fileID: 0}
  m_PrefabInstance: {fileID: 0}
  m_PrefabAsset: {fileID: 0}
  serializedVersion: 6
  m_Component:
  - component: {fileID: 1571480783}
  - component: {fileID: 1571480785}
  - component: {fileID: 1571480784}
  m_Layer: 0
  m_Name: SR_0011
  m_TagString: Untagged
  m_Icon: {fileID: 0}
  m_NavMeshLayer: 0
  m_StaticEditorFlags: 0
  m_IsActive: 1
--- !u!4 &1571480783
Transform:
  m_ObjectHideFlags: 0
  m_CorrespondingSourceObject: {fileID: 0}
  m_PrefabInstance: {fileID: 0}
  m_PrefabAsset: {fileID: 0}
  m_GameObject: {fileID: 1571480782}
  m_LocalRotation: {x: -0, y: -0, z: -0, w: 1}
  m_LocalPosition: {x: 19.868917, y: 21.292753, z: -0.17252475}
  m_LocalScale: {x: 1, y: 1, z: 1}
  m_Children: []
  m_Father: {fileID: 298695307455265297}
  m_RootOrder: 11
  m_LocalEulerAnglesHint: {x: 0, y: 0, z: 0}
--- !u!114 &1571480785
MonoBehaviour:
  m_ObjectHideFlags: 0
  m_CorrespondingSourceObject: {fileID: 0}
  m_PrefabInstance: {fileID: 0}
  m_PrefabAsset: {fileID: 0}
  m_GameObject: {fileID: 1571480782}
  m_Enabled: 1
  m_EditorHideFlags: 0
  m_Script: {fileID: 11500000, guid: b856f4752839c4aa6aa9e730f437aee8, type: 3}
  m_Name: 
  m_EditorClassIdentifier: 
  VeilName: SR_0011
  LayerImage: {fileID: 0}
  Tint: {r: 0.9811321, g: 0.023139905, b: 0.87530744, a: 0.14509805}
  StoryColour: {r: 0.2124743, g: 0.03404236, b: 0.4811321, a: 1}
  FadeInBackground: 1
  FadeInAlpha: 0.15
  InstrumentText: 
  InstrumentImage: {fileID: 0}
  IntroStory: "The cavern leading down in to the earth enters into a large underground
    network of chasms.   To one side opposite your entrance you see an outline of
    a temple built into the side of the rock face. On the outside of doorway ancient
    runes begin to glow a deep blueish hue, similar to the ones you saw in the Moon
    hall.\r"
  OutroStory: 
  FailMessage: 
  EntryAudio: {fileID: 0}
  TimeoutAudio: {fileID: 8300000, guid: 7b0e5efd5bd914ec39175d1779fec97a, type: 3}
  SuccessAudio: {fileID: 8300000, guid: 8a7d4a046601e4d72b8892c21f93cbfb, type: 3}
  FailAudio: {fileID: 8300000, guid: 3c8331c4f70d74c8ba8f293e38b9b893, type: 3}
  SpendCoins: 0
  MaxTouchDistance: 6
  EntryCostLandHealth: 2
  SuccessLandHealth: 5
  FailLandHealth: 4
  NextLayerChoices:
  - ChoiceText: 
    TargetLayer: {fileID: 1774294487}
    HealthPercent: 0
  SkipTouchstones: 0
  BeatsPerMinute: 100
  TouchStones:
  - NoteNumber: 2
    IntervalBeats: 0.5
    FlashTime: 0.5
    InstrumentNote: {fileID: 8300000, guid: 06a3e753615e0403b9ce25dbb466acf5, type: 3}
    GridCoords: {x: 0, y: 0}
  - NoteNumber: 3
    IntervalBeats: 0.5
    FlashTime: 0.2
    InstrumentNote: {fileID: 8300000, guid: ed9130aa529684462bd7cd210c544576, type: 3}
    GridCoords: {x: 0, y: 0}
  - NoteNumber: 5
    IntervalBeats: 0.5
    FlashTime: 0.2
    InstrumentNote: {fileID: 8300000, guid: 95f6b37ff99f748bc8e81268c74fa171, type: 3}
    GridCoords: {x: 0, y: 0}
  - NoteNumber: 8
    IntervalBeats: 0.5
    FlashTime: 0.2
    InstrumentNote: {fileID: 8300000, guid: 95f6b37ff99f748bc8e81268c74fa171, type: 3}
    GridCoords: {x: 0, y: 0}
  - NoteNumber: 7
    IntervalBeats: 0.5
    FlashTime: 0.2
    InstrumentNote: {fileID: 8300000, guid: 95f6b37ff99f748bc8e81268c74fa171, type: 3}
    GridCoords: {x: 0, y: 0}
  SearchGridWidth: 2
  SearchGridHeight: 2
  PauseAfterPlay: 0.1
  CaptureTimeLimit: 6
  FinalCountdown: 3
--- !u!114 &1571480784
MonoBehaviour:
  m_ObjectHideFlags: 0
  m_CorrespondingSourceObject: {fileID: 0}
  m_PrefabInstance: {fileID: 0}
  m_PrefabAsset: {fileID: 0}
  m_GameObject: {fileID: 1571480782}
  m_Enabled: 1
  m_EditorHideFlags: 0
  m_Script: {fileID: 11500000, guid: 50213cfcb711a479ab41575ae00356a7, type: 3}
  m_Name: 
  m_EditorClassIdentifier: 
  backingTrack: event:/INSTRUMENTS/1_Horn
  instrument1: 
  instrument2: 
  instrument3: 
  instrument4: 
--- !u!1 &1774294484
GameObject:
  m_ObjectHideFlags: 0
  m_CorrespondingSourceObject: {fileID: 0}
  m_PrefabInstance: {fileID: 0}
  m_PrefabAsset: {fileID: 0}
  serializedVersion: 6
  m_Component:
  - component: {fileID: 1774294485}
  - component: {fileID: 1774294487}
  - component: {fileID: 1774294486}
  m_Layer: 0
  m_Name: SR_0012
  m_TagString: Untagged
  m_Icon: {fileID: 0}
  m_NavMeshLayer: 0
  m_StaticEditorFlags: 0
  m_IsActive: 1
--- !u!4 &1774294485
Transform:
  m_ObjectHideFlags: 0
  m_CorrespondingSourceObject: {fileID: 0}
  m_PrefabInstance: {fileID: 0}
  m_PrefabAsset: {fileID: 0}
  m_GameObject: {fileID: 1774294484}
  m_LocalRotation: {x: 0, y: 0, z: 0, w: 1}
  m_LocalPosition: {x: 0, y: 0, z: 0}
  m_LocalScale: {x: 1, y: 1, z: 1}
  m_Children: []
  m_Father: {fileID: 298695307455265297}
  m_RootOrder: 12
  m_LocalEulerAnglesHint: {x: 0, y: 0, z: 0}
--- !u!114 &1774294487
MonoBehaviour:
  m_ObjectHideFlags: 0
  m_CorrespondingSourceObject: {fileID: 0}
  m_PrefabInstance: {fileID: 0}
  m_PrefabAsset: {fileID: 0}
  m_GameObject: {fileID: 1774294484}
  m_Enabled: 1
  m_EditorHideFlags: 0
  m_Script: {fileID: 11500000, guid: b856f4752839c4aa6aa9e730f437aee8, type: 3}
  m_Name: 
  m_EditorClassIdentifier: 
  VeilName: SR_0012
  LayerImage: {fileID: 0}
  Tint: {r: 0.9811321, g: 0.023139905, b: 0.87530744, a: 0.14509805}
  StoryColour: {r: 0.2124743, g: 0.03404236, b: 0.4811321, a: 1}
  FadeInBackground: 1
  FadeInAlpha: 0.15
  InstrumentText: 
  InstrumentImage: {fileID: 0}
  IntroStory: "Upon entering the temple you hear a deep resonant voice that seems
    to be emanating from the rocky wall itself. 'Dear bard, I sense the presence of
    E'lune in your soul, I am Corin the Shadow Keeper. I understand the quest that
    the Goddess of Light has set you on.  I shall teach you the sacred song to join
    our realms once again, listen to the Sun Ballad\r'"
  OutroStory: 
  FailMessage: 
  EntryAudio: {fileID: 0}
  TimeoutAudio: {fileID: 8300000, guid: 7b0e5efd5bd914ec39175d1779fec97a, type: 3}
  SuccessAudio: {fileID: 8300000, guid: 8a7d4a046601e4d72b8892c21f93cbfb, type: 3}
  FailAudio: {fileID: 8300000, guid: 3c8331c4f70d74c8ba8f293e38b9b893, type: 3}
  SpendCoins: 0
  MaxTouchDistance: 6
  EntryCostLandHealth: 2
  SuccessLandHealth: 5
  FailLandHealth: 4
  NextLayerChoices: []
  SkipTouchstones: 1
  BeatsPerMinute: 100
  TouchStones:
  - NoteNumber: 1
    IntervalBeats: 0.5
    FlashTime: 0.5
    InstrumentNote: {fileID: 8300000, guid: c6f2e60ae934740129c1276c22394c34, type: 3}
    GridCoords: {x: 0, y: 0}
  - NoteNumber: 5
    IntervalBeats: 0.5
    FlashTime: 0.2
    InstrumentNote: {fileID: 8300000, guid: 1688f3da7894740e9a02375f4c6475bc, type: 3}
    GridCoords: {x: 0, y: 0}
  - NoteNumber: 8
    IntervalBeats: 0.5
    FlashTime: 0.2
    InstrumentNote: {fileID: 8300000, guid: 1688f3da7894740e9a02375f4c6475bc, type: 3}
    GridCoords: {x: 0, y: 0}
  SearchGridWidth: 2
  SearchGridHeight: 2
  PauseAfterPlay: 0.1
  CaptureTimeLimit: 6
  FinalCountdown: 3
--- !u!114 &1774294486
MonoBehaviour:
  m_ObjectHideFlags: 0
  m_CorrespondingSourceObject: {fileID: 0}
  m_PrefabInstance: {fileID: 0}
  m_PrefabAsset: {fileID: 0}
  m_GameObject: {fileID: 1774294484}
  m_Enabled: 1
  m_EditorHideFlags: 0
  m_Script: {fileID: 11500000, guid: 50213cfcb711a479ab41575ae00356a7, type: 3}
  m_Name: 
  m_EditorClassIdentifier: 
  backingTrack: event:/INSTRUMENTS/1_Horn
  instrument1: 
  instrument2: 
  instrument3: 
  instrument4: 
--- !u!1 &1872367782
GameObject:
  m_ObjectHideFlags: 0
  m_CorrespondingSourceObject: {fileID: 0}
  m_PrefabInstance: {fileID: 0}
  m_PrefabAsset: {fileID: 0}
  serializedVersion: 6
  m_Component:
  - component: {fileID: 1872367783}
  - component: {fileID: 1872367785}
  - component: {fileID: 1872367784}
  m_Layer: 0
  m_Name: SR_0005
  m_TagString: Untagged
  m_Icon: {fileID: 0}
  m_NavMeshLayer: 0
  m_StaticEditorFlags: 0
  m_IsActive: 1
--- !u!4 &1872367783
Transform:
  m_ObjectHideFlags: 0
  m_CorrespondingSourceObject: {fileID: 0}
  m_PrefabInstance: {fileID: 0}
  m_PrefabAsset: {fileID: 0}
  m_GameObject: {fileID: 1872367782}
  m_LocalRotation: {x: 0, y: 0, z: 0, w: 1}
  m_LocalPosition: {x: 0, y: 0, z: 0}
  m_LocalScale: {x: 1, y: 1, z: 1}
  m_Children: []
  m_Father: {fileID: 298695307455265297}
  m_RootOrder: 5
  m_LocalEulerAnglesHint: {x: 0, y: 0, z: 0}
--- !u!114 &1872367785
MonoBehaviour:
  m_ObjectHideFlags: 0
  m_CorrespondingSourceObject: {fileID: 0}
  m_PrefabInstance: {fileID: 0}
  m_PrefabAsset: {fileID: 0}
  m_GameObject: {fileID: 1872367782}
  m_Enabled: 1
  m_EditorHideFlags: 0
  m_Script: {fileID: 11500000, guid: b856f4752839c4aa6aa9e730f437aee8, type: 3}
  m_Name: 
  m_EditorClassIdentifier: 
  VeilName: SR_0005
  LayerImage: {fileID: 0}
  Tint: {r: 0.9811321, g: 0.023139905, b: 0.87530744, a: 0.14509805}
  StoryColour: {r: 0.2124743, g: 0.03404236, b: 0.4811321, a: 1}
  FadeInBackground: 1
  FadeInAlpha: 0.15
  InstrumentText: 
  InstrumentImage: {fileID: 0}
  IntroStory: "They point back across the dark pool and you see a swath of red menacing
    eyes prowl the bank where you once stood.  You whisper thanks to the fish creature
    who pulled you out of the water. Then one old one speaks to you in human tongue.\r\n"
  OutroStory: 
  FailMessage: 
  EntryAudio: {fileID: 0}
  TimeoutAudio: {fileID: 8300000, guid: 7b0e5efd5bd914ec39175d1779fec97a, type: 3}
  SuccessAudio: {fileID: 8300000, guid: 8a7d4a046601e4d72b8892c21f93cbfb, type: 3}
  FailAudio: {fileID: 8300000, guid: 3c8331c4f70d74c8ba8f293e38b9b893, type: 3}
  SpendCoins: 0
  MaxTouchDistance: 6
  EntryCostLandHealth: 2
  SuccessLandHealth: 5
  FailLandHealth: 4
  NextLayerChoices:
  - ChoiceText: 
    TargetLayer: {fileID: 518983820}
    HealthPercent: 0
  SkipTouchstones: 0
  BeatsPerMinute: 100
  TouchStones:
  - NoteNumber: 2
    IntervalBeats: 0.5
    FlashTime: 0.5
    InstrumentNote: {fileID: 8300000, guid: 5652ba67507734c358e23beef121b573, type: 3}
    GridCoords: {x: 0, y: 0}
  - NoteNumber: 3
    IntervalBeats: 0.5
    FlashTime: 0.5
    InstrumentNote: {fileID: 8300000, guid: 1a25931a039d349b383cf5c31dd2976c, type: 3}
    GridCoords: {x: 0, y: 0}
  - NoteNumber: 6
    IntervalBeats: 0.5
    FlashTime: 0.5
    InstrumentNote: {fileID: 8300000, guid: 604679ef0d5ba4a779ba7da8943522a6, type: 3}
    GridCoords: {x: 0, y: 0}
  SearchGridWidth: 3
  SearchGridHeight: 1
  PauseAfterPlay: 0.1
  CaptureTimeLimit: 6
  FinalCountdown: 3
--- !u!114 &1872367784
MonoBehaviour:
  m_ObjectHideFlags: 0
  m_CorrespondingSourceObject: {fileID: 0}
  m_PrefabInstance: {fileID: 0}
  m_PrefabAsset: {fileID: 0}
  m_GameObject: {fileID: 1872367782}
  m_Enabled: 1
  m_EditorHideFlags: 0
  m_Script: {fileID: 11500000, guid: 50213cfcb711a479ab41575ae00356a7, type: 3}
  m_Name: 
  m_EditorClassIdentifier: 
  backingTrack: event:/INSTRUMENTS/1_Horn
  instrument1: 
  instrument2: 
  instrument3: 
  instrument4: 
--- !u!1 &2121858630
GameObject:
  m_ObjectHideFlags: 0
  m_CorrespondingSourceObject: {fileID: 0}
  m_PrefabInstance: {fileID: 0}
  m_PrefabAsset: {fileID: 0}
  serializedVersion: 6
  m_Component:
  - component: {fileID: 2121858631}
  - component: {fileID: 2121858633}
  - component: {fileID: 2121858632}
  m_Layer: 0
  m_Name: SR_0008
  m_TagString: Untagged
  m_Icon: {fileID: 0}
  m_NavMeshLayer: 0
  m_StaticEditorFlags: 0
  m_IsActive: 1
--- !u!4 &2121858631
Transform:
  m_ObjectHideFlags: 0
  m_CorrespondingSourceObject: {fileID: 0}
  m_PrefabInstance: {fileID: 0}
  m_PrefabAsset: {fileID: 0}
  m_GameObject: {fileID: 2121858630}
  m_LocalRotation: {x: 0, y: 0, z: 0, w: 1}
  m_LocalPosition: {x: 0, y: 0, z: 0}
  m_LocalScale: {x: 1, y: 1, z: 1}
  m_Children: []
  m_Father: {fileID: 298695307455265297}
  m_RootOrder: 8
  m_LocalEulerAnglesHint: {x: 0, y: 0, z: 0}
--- !u!114 &2121858633
MonoBehaviour:
  m_ObjectHideFlags: 0
  m_CorrespondingSourceObject: {fileID: 0}
  m_PrefabInstance: {fileID: 0}
  m_PrefabAsset: {fileID: 0}
  m_GameObject: {fileID: 2121858630}
  m_Enabled: 1
  m_EditorHideFlags: 0
  m_Script: {fileID: 11500000, guid: b856f4752839c4aa6aa9e730f437aee8, type: 3}
  m_Name: 
  m_EditorClassIdentifier: 
  VeilName: SR_0008
  LayerImage: {fileID: 0}
  Tint: {r: 0.9811321, g: 0.023139905, b: 0.87530744, a: 0.14509805}
  StoryColour: {r: 0.2124743, g: 0.03404236, b: 0.4811321, a: 1}
  FadeInBackground: 1
  FadeInAlpha: 0.15
  InstrumentText: 
  InstrumentImage: {fileID: 0}
  IntroStory: "You aid your new found allies as they ready their spears pointing towards
    the water's edge.  You prepare to play the 'Song of \rHoly Light\r'"
  OutroStory: 
  FailMessage: 
  EntryAudio: {fileID: 0}
  TimeoutAudio: {fileID: 8300000, guid: 7b0e5efd5bd914ec39175d1779fec97a, type: 3}
  SuccessAudio: {fileID: 8300000, guid: 8a7d4a046601e4d72b8892c21f93cbfb, type: 3}
  FailAudio: {fileID: 8300000, guid: 3c8331c4f70d74c8ba8f293e38b9b893, type: 3}
  SpendCoins: 0
  MaxTouchDistance: 6
  EntryCostLandHealth: 2
  SuccessLandHealth: 5
  FailLandHealth: 4
  NextLayerChoices:
  - ChoiceText: 
    TargetLayer: {fileID: 789890805}
    HealthPercent: 0
  SkipTouchstones: 0
  BeatsPerMinute: 100
  TouchStones:
  - NoteNumber: 5
    IntervalBeats: 0.5
    FlashTime: 0.5
    InstrumentNote: {fileID: 8300000, guid: c6f2e60ae934740129c1276c22394c34, type: 3}
    GridCoords: {x: 0, y: 0}
  - NoteNumber: 8
    IntervalBeats: 0.5
    FlashTime: 0.2
    InstrumentNote: {fileID: 8300000, guid: 1688f3da7894740e9a02375f4c6475bc, type: 3}
    GridCoords: {x: 0, y: 0}
  - NoteNumber: 7
    IntervalBeats: 0.5
    FlashTime: 0.2
    InstrumentNote: {fileID: 8300000, guid: f7d666709102b4b2a9c951bd86dbdfc7, type: 3}
    GridCoords: {x: 0, y: 0}
  SearchGridWidth: 4
  SearchGridHeight: 1
  PauseAfterPlay: 0.1
  CaptureTimeLimit: 6
  FinalCountdown: 3
--- !u!114 &2121858632
MonoBehaviour:
  m_ObjectHideFlags: 0
  m_CorrespondingSourceObject: {fileID: 0}
  m_PrefabInstance: {fileID: 0}
  m_PrefabAsset: {fileID: 0}
  m_GameObject: {fileID: 2121858630}
  m_Enabled: 1
  m_EditorHideFlags: 0
  m_Script: {fileID: 11500000, guid: 50213cfcb711a479ab41575ae00356a7, type: 3}
  m_Name: 
  m_EditorClassIdentifier: 
  backingTrack: event:/INSTRUMENTS/1_Horn
  instrument1: 
  instrument2: 
  instrument3: 
  instrument4: 
--- !u!1 &298695306866743273
GameObject:
  m_ObjectHideFlags: 0
  m_CorrespondingSourceObject: {fileID: 0}
  m_PrefabInstance: {fileID: 0}
  m_PrefabAsset: {fileID: 0}
  serializedVersion: 6
  m_Component:
  - component: {fileID: 298695306866743272}
  - component: {fileID: 298695306866743275}
  - component: {fileID: 7774814415718175678}
  m_Layer: 0
  m_Name: SR_0000
  m_TagString: Untagged
  m_Icon: {fileID: 0}
  m_NavMeshLayer: 0
  m_StaticEditorFlags: 0
  m_IsActive: 1
--- !u!4 &298695306866743272
Transform:
  m_ObjectHideFlags: 0
  m_CorrespondingSourceObject: {fileID: 0}
  m_PrefabInstance: {fileID: 0}
  m_PrefabAsset: {fileID: 0}
  m_GameObject: {fileID: 298695306866743273}
  m_LocalRotation: {x: 0, y: 0, z: 0, w: 1}
  m_LocalPosition: {x: 0, y: 0, z: 0}
  m_LocalScale: {x: 1, y: 1, z: 1}
  m_Children: []
  m_Father: {fileID: 298695307455265297}
  m_RootOrder: 0
  m_LocalEulerAnglesHint: {x: 0, y: 0, z: 0}
--- !u!114 &298695306866743275
MonoBehaviour:
  m_ObjectHideFlags: 0
  m_CorrespondingSourceObject: {fileID: 0}
  m_PrefabInstance: {fileID: 0}
  m_PrefabAsset: {fileID: 0}
  m_GameObject: {fileID: 298695306866743273}
  m_Enabled: 1
  m_EditorHideFlags: 0
  m_Script: {fileID: 11500000, guid: b856f4752839c4aa6aa9e730f437aee8, type: 3}
  m_Name: 
  m_EditorClassIdentifier: 
  VeilName: SR_0000
  LayerImage: {fileID: 0}
  Tint: {r: 0.9811321, g: 0.023139905, b: 0.87530744, a: 0.19607843}
  StoryColour: {r: 0.2124743, g: 0.03404236, b: 0.4811321, a: 1}
  FadeInBackground: 1
  FadeInAlpha: 0.15
  InstrumentText: 
  InstrumentImage: {fileID: 0}
  IntroStory: "You enter the Shadow Realm, thanks to the Harp of E'Lune. Your surroundings
    take but a few moments to come into focus. Large overhanging stalagmites drip
    eerily into black pools on the cavern floor.\r"
  OutroStory: 
  FailMessage: 
  EntryAudio: {fileID: 0}
  TimeoutAudio: {fileID: 8300000, guid: 7b0e5efd5bd914ec39175d1779fec97a, type: 3}
  SuccessAudio: {fileID: 8300000, guid: 8a7d4a046601e4d72b8892c21f93cbfb, type: 3}
  FailAudio: {fileID: 8300000, guid: 3c8331c4f70d74c8ba8f293e38b9b893, type: 3}
  SpendCoins: 0
  MaxTouchDistance: 6
  EntryCostLandHealth: 2
  SuccessLandHealth: 5
  FailLandHealth: 4
  NextLayerChoices:
  - ChoiceText: 
    TargetLayer: {fileID: 298695308740250093}
    HealthPercent: 0
  SkipTouchstones: 0
  BeatsPerMinute: 100
  TouchStones:
  - NoteNumber: 7
    IntervalBeats: 0.5
    FlashTime: 0.2
    InstrumentNote: {fileID: 8300000, guid: 29e5e99b0a7d444f3bd3a11641999e14, type: 3}
    GridCoords: {x: 0, y: 0}
  - NoteNumber: 5
    IntervalBeats: 0.5
    FlashTime: 0.2
    InstrumentNote: {fileID: 8300000, guid: 53909aa9c7d0d475e80a9dd3a11f1a52, type: 3}
    GridCoords: {x: 0, y: 0}
  - NoteNumber: 12
    IntervalBeats: 0.5
    FlashTime: 0.2
    InstrumentNote: {fileID: 8300000, guid: 06a3e753615e0403b9ce25dbb466acf5, type: 3}
    GridCoords: {x: 0, y: 0}
  SearchGridWidth: 3
  SearchGridHeight: 1
  PauseAfterPlay: 0.1
  CaptureTimeLimit: 6
  FinalCountdown: 3
--- !u!114 &7774814415718175678
MonoBehaviour:
  m_ObjectHideFlags: 0
  m_CorrespondingSourceObject: {fileID: 0}
  m_PrefabInstance: {fileID: 0}
  m_PrefabAsset: {fileID: 0}
  m_GameObject: {fileID: 298695306866743273}
  m_Enabled: 1
  m_EditorHideFlags: 0
  m_Script: {fileID: 11500000, guid: 50213cfcb711a479ab41575ae00356a7, type: 3}
  m_Name: 
  m_EditorClassIdentifier: 
  backingTrack: event:/INSTRUMENTS/1_Horn
  instrument1: 
  instrument2: 
  instrument3: 
  instrument4: 
--- !u!1 &298695307455265310
GameObject:
  m_ObjectHideFlags: 0
  m_CorrespondingSourceObject: {fileID: 0}
  m_PrefabInstance: {fileID: 0}
  m_PrefabAsset: {fileID: 0}
  serializedVersion: 6
  m_Component:
  - component: {fileID: 298695307455265297}
  - component: {fileID: 298695307455265296}
  - component: {fileID: 7333609627804435131}
  - component: {fileID: 1788970620799495445}
  m_Layer: 0
  m_Name: Shadow
  m_TagString: Untagged
  m_Icon: {fileID: 0}
  m_NavMeshLayer: 0
  m_StaticEditorFlags: 0
  m_IsActive: 1
--- !u!4 &298695307455265297
Transform:
  m_ObjectHideFlags: 0
  m_CorrespondingSourceObject: {fileID: 0}
  m_PrefabInstance: {fileID: 0}
  m_PrefabAsset: {fileID: 0}
  m_GameObject: {fileID: 298695307455265310}
  m_LocalRotation: {x: 0, y: 0, z: 0, w: 1}
  m_LocalPosition: {x: 0, y: 0, z: 0}
  m_LocalScale: {x: 1, y: 1, z: 1}
  m_Children:
  - {fileID: 298695306866743272}
  - {fileID: 298695308740250090}
  - {fileID: 298695308539747970}
  - {fileID: 298695307615161911}
  - {fileID: 1275682991}
  - {fileID: 1872367783}
  - {fileID: 518983818}
  - {fileID: 1145436096}
  - {fileID: 2121858631}
  - {fileID: 1230552439}
  - {fileID: 789890803}
  - {fileID: 1571480783}
  - {fileID: 1774294485}
  - {fileID: 775243683}
  m_Father: {fileID: 0}
  m_RootOrder: 0
  m_LocalEulerAnglesHint: {x: 0, y: 0, z: 0}
--- !u!114 &298695307455265296
MonoBehaviour:
  m_ObjectHideFlags: 0
  m_CorrespondingSourceObject: {fileID: 0}
  m_PrefabInstance: {fileID: 0}
  m_PrefabAsset: {fileID: 0}
  m_GameObject: {fileID: 298695307455265310}
  m_Enabled: 1
  m_EditorHideFlags: 0
  m_Script: {fileID: 11500000, guid: 69c0db084697b45e897aa6931dc3972f, type: 3}
  m_Name: 
  m_EditorClassIdentifier: 
  RealmSong: {fileID: 0}
  RealmSongTitle: Shadow Warp
  RealmName: Shadow Realm
  RealmSongName: 
  Story: "Deep in the earth, giants lay at rest\r\nTreasures are abundant but there
    is a test\r\nAdventurers have died not knowing they encroach\r\nEvil exists where
    the light never touches"
  LearnSongText: 'You''re ready to learn

    The Song of The Shadow Realm!'
  InstrumentText: Horn
  InstrumentImage: {fileID: 21300000, guid: 336cc146b2309479085f1c65255b3bee, type: 3}
  RealmBackgroundBW: {fileID: 21300000, guid: 90b7116d471a145a3bf84f09a4abf635, type: 3}
  RealmBackground: {fileID: 21300000, guid: 6ba2bee1b790b4132bdce19b8761be0d, type: 3}
  StoryColour: {r: 0.6583074, g: 0.015686274, b: 1, a: 1}
  FilterTint: {r: 0.027147036, g: 0.007164475, b: 0.21698111, a: 0}
  StoryTextTime: 1
  RealmEntryAudio: {fileID: 8300000, guid: 0d986bdbcd400cc4eba95f65d25729db, type: 3}
  RealmLayers:
  - {fileID: 298695306866743275}
  - {fileID: 298695308740250093}
  - {fileID: 298695308539747973}
  - {fileID: 298695307615161910}
  - {fileID: 1275682993}
  - {fileID: 1872367785}
  - {fileID: 518983820}
  - {fileID: 1145436098}
  - {fileID: 2121858633}
  - {fileID: 1230552441}
  - {fileID: 789890805}
  - {fileID: 1571480785}
  - {fileID: 1774294487}
  - {fileID: 775243685}
  UnveilLayers: 0
  FailMessage: The Land has Suffered...
  SongLearntMessage: 'Both Shadow and Sun Realms have linked again. '
  RealmBGMAudioSource: {fileID: 7333609627804435131}
  BGMFadeTime: 0.5
  RealmSFXAudioSource: {fileID: 1788970620799495445}
  LearnGridWidth: 2
  LearnGridHeight: 2
  Tolerance: 0
  PassScore: 8000
  LandHealth: 10
  FailLandHealth: 5
--- !u!82 &7333609627804435131
AudioSource:
  m_ObjectHideFlags: 0
  m_CorrespondingSourceObject: {fileID: 0}
  m_PrefabInstance: {fileID: 0}
  m_PrefabAsset: {fileID: 0}
  m_GameObject: {fileID: 298695307455265310}
  m_Enabled: 1
  serializedVersion: 4
  OutputAudioMixerGroup: {fileID: 5812899464820604773, guid: a29baeb90c992495289772bcb3fde24a,
    type: 2}
  m_audioClip: {fileID: 8300000, guid: 05110b389924f4ae38c3f6eec938a403, type: 3}
  m_PlayOnAwake: 0
  m_Volume: 1
  m_Pitch: 1
  Loop: 1
  Mute: 0
  Spatialize: 0
  SpatializePostEffects: 0
  Priority: 128
  DopplerLevel: 1
  MinDistance: 1
  MaxDistance: 500
  Pan2D: 0
  rolloffMode: 0
  BypassEffects: 0
  BypassListenerEffects: 0
  BypassReverbZones: 0
  rolloffCustomCurve:
    serializedVersion: 2
    m_Curve:
    - serializedVersion: 3
      time: 0
      value: 1
      inSlope: 0
      outSlope: 0
      tangentMode: 0
      weightedMode: 0
      inWeight: 0.33333334
      outWeight: 0.33333334
    - serializedVersion: 3
      time: 1
      value: 0
      inSlope: 0
      outSlope: 0
      tangentMode: 0
      weightedMode: 0
      inWeight: 0.33333334
      outWeight: 0.33333334
    m_PreInfinity: 2
    m_PostInfinity: 2
    m_RotationOrder: 4
  panLevelCustomCurve:
    serializedVersion: 2
    m_Curve:
    - serializedVersion: 3
      time: 0
      value: 0
      inSlope: 0
      outSlope: 0
      tangentMode: 0
      weightedMode: 0
      inWeight: 0.33333334
      outWeight: 0.33333334
    m_PreInfinity: 2
    m_PostInfinity: 2
    m_RotationOrder: 4
  spreadCustomCurve:
    serializedVersion: 2
    m_Curve:
    - serializedVersion: 3
      time: 0
      value: 0
      inSlope: 0
      outSlope: 0
      tangentMode: 0
      weightedMode: 0
      inWeight: 0.33333334
      outWeight: 0.33333334
    m_PreInfinity: 2
    m_PostInfinity: 2
    m_RotationOrder: 4
  reverbZoneMixCustomCurve:
    serializedVersion: 2
    m_Curve:
    - serializedVersion: 3
      time: 0
      value: 1
      inSlope: 0
      outSlope: 0
      tangentMode: 0
      weightedMode: 0
      inWeight: 0.33333334
      outWeight: 0.33333334
    m_PreInfinity: 2
    m_PostInfinity: 2
    m_RotationOrder: 4
--- !u!82 &1788970620799495445
AudioSource:
  m_ObjectHideFlags: 0
  m_CorrespondingSourceObject: {fileID: 0}
  m_PrefabInstance: {fileID: 0}
  m_PrefabAsset: {fileID: 0}
  m_GameObject: {fileID: 298695307455265310}
  m_Enabled: 1
  serializedVersion: 4
  OutputAudioMixerGroup: {fileID: 2844433618561269094, guid: a29baeb90c992495289772bcb3fde24a,
    type: 2}
  m_audioClip: {fileID: 0}
  m_PlayOnAwake: 0
  m_Volume: 1
  m_Pitch: 1
  Loop: 0
  Mute: 0
  Spatialize: 0
  SpatializePostEffects: 0
  Priority: 128
  DopplerLevel: 1
  MinDistance: 1
  MaxDistance: 500
  Pan2D: 0
  rolloffMode: 0
  BypassEffects: 0
  BypassListenerEffects: 0
  BypassReverbZones: 0
  rolloffCustomCurve:
    serializedVersion: 2
    m_Curve:
    - serializedVersion: 3
      time: 0
      value: 1
      inSlope: 0
      outSlope: 0
      tangentMode: 0
      weightedMode: 0
      inWeight: 0.33333334
      outWeight: 0.33333334
    - serializedVersion: 3
      time: 1
      value: 0
      inSlope: 0
      outSlope: 0
      tangentMode: 0
      weightedMode: 0
      inWeight: 0.33333334
      outWeight: 0.33333334
    m_PreInfinity: 2
    m_PostInfinity: 2
    m_RotationOrder: 4
  panLevelCustomCurve:
    serializedVersion: 2
    m_Curve:
    - serializedVersion: 3
      time: 0
      value: 0
      inSlope: 0
      outSlope: 0
      tangentMode: 0
      weightedMode: 0
      inWeight: 0.33333334
      outWeight: 0.33333334
    m_PreInfinity: 2
    m_PostInfinity: 2
    m_RotationOrder: 4
  spreadCustomCurve:
    serializedVersion: 2
    m_Curve:
    - serializedVersion: 3
      time: 0
      value: 0
      inSlope: 0
      outSlope: 0
      tangentMode: 0
      weightedMode: 0
      inWeight: 0.33333334
      outWeight: 0.33333334
    m_PreInfinity: 2
    m_PostInfinity: 2
    m_RotationOrder: 4
  reverbZoneMixCustomCurve:
    serializedVersion: 2
    m_Curve:
    - serializedVersion: 3
      time: 0
      value: 1
      inSlope: 0
      outSlope: 0
      tangentMode: 0
      weightedMode: 0
      inWeight: 0.33333334
      outWeight: 0.33333334
    m_PreInfinity: 2
    m_PostInfinity: 2
    m_RotationOrder: 4
--- !u!1 &298695307615161908
GameObject:
  m_ObjectHideFlags: 0
  m_CorrespondingSourceObject: {fileID: 0}
  m_PrefabInstance: {fileID: 0}
  m_PrefabAsset: {fileID: 0}
  serializedVersion: 6
  m_Component:
  - component: {fileID: 298695307615161911}
  - component: {fileID: 298695307615161910}
  - component: {fileID: 8357222564291276519}
  m_Layer: 0
  m_Name: SR_0003
  m_TagString: Untagged
  m_Icon: {fileID: 0}
  m_NavMeshLayer: 0
  m_StaticEditorFlags: 0
  m_IsActive: 1
--- !u!4 &298695307615161911
Transform:
  m_ObjectHideFlags: 0
  m_CorrespondingSourceObject: {fileID: 0}
  m_PrefabInstance: {fileID: 0}
  m_PrefabAsset: {fileID: 0}
  m_GameObject: {fileID: 298695307615161908}
  m_LocalRotation: {x: 0, y: 0, z: 0, w: 1}
  m_LocalPosition: {x: 0, y: 0, z: 0}
  m_LocalScale: {x: 1, y: 1, z: 1}
  m_Children: []
  m_Father: {fileID: 298695307455265297}
  m_RootOrder: 3
  m_LocalEulerAnglesHint: {x: 0, y: 0, z: 0}
--- !u!114 &298695307615161910
MonoBehaviour:
  m_ObjectHideFlags: 0
  m_CorrespondingSourceObject: {fileID: 0}
  m_PrefabInstance: {fileID: 0}
  m_PrefabAsset: {fileID: 0}
  m_GameObject: {fileID: 298695307615161908}
  m_Enabled: 1
  m_EditorHideFlags: 0
  m_Script: {fileID: 11500000, guid: b856f4752839c4aa6aa9e730f437aee8, type: 3}
  m_Name: 
  m_EditorClassIdentifier: 
  VeilName: SR_0003
  LayerImage: {fileID: 0}
  Tint: {r: 0.9811321, g: 0.023139905, b: 0.87530744, a: 0.14509805}
  StoryColour: {r: 0.2124743, g: 0.03404236, b: 0.4811321, a: 1}
  FadeInBackground: 1
  FadeInAlpha: 0.15
  InstrumentText: 
  InstrumentImage: {fileID: 0}
  IntroStory: "You play the Song of Fire, Flames swirl around you and evaporate the
    top of the lake.  The figures you saw in the lake disappear.  The lake begins
    to clear up completely and you are able to see into the bottom where an aura of
    bluish green light emanates from the bottom. \r"
  OutroStory: 
  FailMessage: 
  EntryAudio: {fileID: 8300000, guid: e46c69eaff476e04a8cc6194ab2e458c, type: 3}
  TimeoutAudio: {fileID: 8300000, guid: 7b0e5efd5bd914ec39175d1779fec97a, type: 3}
  SuccessAudio: {fileID: 8300000, guid: 8a7d4a046601e4d72b8892c21f93cbfb, type: 3}
  FailAudio: {fileID: 8300000, guid: 3c8331c4f70d74c8ba8f293e38b9b893, type: 3}
  SpendCoins: 0
  MaxTouchDistance: 6
  EntryCostLandHealth: 2
  SuccessLandHealth: 5
  FailLandHealth: 4
  NextLayerChoices:
  - ChoiceText: 
    TargetLayer: {fileID: 1275682993}
    HealthPercent: 0
  SkipTouchstones: 0
  BeatsPerMinute: 100
  TouchStones:
  - NoteNumber: 8
    IntervalBeats: 0.5
    FlashTime: 0.5
    InstrumentNote: {fileID: 8300000, guid: e94a275d1bb1c425cb51de654f6f47b7, type: 3}
    GridCoords: {x: 0, y: 0}
  - NoteNumber: 10
    IntervalBeats: 0.5
    FlashTime: 0.5
    InstrumentNote: {fileID: 8300000, guid: 8f82b45738527443898d2d1a35211883, type: 3}
    GridCoords: {x: 0, y: 0}
  - NoteNumber: 5
    IntervalBeats: 0.5
    FlashTime: 0.5
    InstrumentNote: {fileID: 8300000, guid: 8f82b45738527443898d2d1a35211883, type: 3}
    GridCoords: {x: 0, y: 0}
  SearchGridWidth: 3
  SearchGridHeight: 1
  PauseAfterPlay: 0.1
  CaptureTimeLimit: 6
  FinalCountdown: 3
--- !u!114 &8357222564291276519
MonoBehaviour:
  m_ObjectHideFlags: 0
  m_CorrespondingSourceObject: {fileID: 0}
  m_PrefabInstance: {fileID: 0}
  m_PrefabAsset: {fileID: 0}
  m_GameObject: {fileID: 298695307615161908}
  m_Enabled: 1
  m_EditorHideFlags: 0
  m_Script: {fileID: 11500000, guid: 50213cfcb711a479ab41575ae00356a7, type: 3}
  m_Name: 
  m_EditorClassIdentifier: 
  backingTrack: event:/INSTRUMENTS/1_Horn
  instrument1: 
  instrument2: 
  instrument3: 
  instrument4: 
--- !u!1 &298695308539747971
GameObject:
  m_ObjectHideFlags: 0
  m_CorrespondingSourceObject: {fileID: 0}
  m_PrefabInstance: {fileID: 0}
  m_PrefabAsset: {fileID: 0}
  serializedVersion: 6
  m_Component:
  - component: {fileID: 298695308539747970}
  - component: {fileID: 298695308539747973}
  - component: {fileID: 6850839931514044641}
  m_Layer: 0
  m_Name: SR_0002
  m_TagString: Untagged
  m_Icon: {fileID: 0}
  m_NavMeshLayer: 0
  m_StaticEditorFlags: 0
  m_IsActive: 1
--- !u!4 &298695308539747970
Transform:
  m_ObjectHideFlags: 0
  m_CorrespondingSourceObject: {fileID: 0}
  m_PrefabInstance: {fileID: 0}
  m_PrefabAsset: {fileID: 0}
  m_GameObject: {fileID: 298695308539747971}
  m_LocalRotation: {x: 0, y: 0, z: 0, w: 1}
  m_LocalPosition: {x: 0, y: 0, z: 0}
  m_LocalScale: {x: 1, y: 1, z: 1}
  m_Children: []
  m_Father: {fileID: 298695307455265297}
  m_RootOrder: 2
  m_LocalEulerAnglesHint: {x: 0, y: 0, z: 0}
--- !u!114 &298695308539747973
MonoBehaviour:
  m_ObjectHideFlags: 0
  m_CorrespondingSourceObject: {fileID: 0}
  m_PrefabInstance: {fileID: 0}
  m_PrefabAsset: {fileID: 0}
  m_GameObject: {fileID: 298695308539747971}
  m_Enabled: 1
  m_EditorHideFlags: 0
  m_Script: {fileID: 11500000, guid: b856f4752839c4aa6aa9e730f437aee8, type: 3}
  m_Name: 
  m_EditorClassIdentifier: 
  VeilName: SR_0002
  LayerImage: {fileID: 0}
  Tint: {r: 0.9811321, g: 0.023139905, b: 0.87530744, a: 0.14509805}
  StoryColour: {r: 0.2124743, g: 0.03404236, b: 0.4811321, a: 1}
  FadeInBackground: 1
  FadeInAlpha: 0.15
  InstrumentText: 
  InstrumentImage: {fileID: 0}
  IntroStory: "A sudden sharp pain pierces your back and you see a sharp spine protrude
    from the centre of your chest. You stand shocked for a few seconds before your
    eyes tear up and you exhale your last breath before everything turns dark.\r"
  OutroStory: 
  FailMessage: 
  EntryAudio: {fileID: 0}
  TimeoutAudio: {fileID: 8300000, guid: 7b0e5efd5bd914ec39175d1779fec97a, type: 3}
  SuccessAudio: {fileID: 8300000, guid: 8a7d4a046601e4d72b8892c21f93cbfb, type: 3}
  FailAudio: {fileID: 8300000, guid: 3c8331c4f70d74c8ba8f293e38b9b893, type: 3}
  SpendCoins: 0
  MaxTouchDistance: 6
  EntryCostLandHealth: 2
  SuccessLandHealth: 5
  FailLandHealth: 4
  NextLayerChoices:
  - ChoiceText: 
    TargetLayer: {fileID: 298695306866743275}
    HealthPercent: 0
  SkipTouchstones: 1
  BeatsPerMinute: 100
  TouchStones:
  - NoteNumber: 12
    IntervalBeats: 0.5
    FlashTime: 0.5
    InstrumentNote: {fileID: 8300000, guid: 5652ba67507734c358e23beef121b573, type: 3}
    GridCoords: {x: 0, y: 0}
  - NoteNumber: 5
    IntervalBeats: 0.5
    FlashTime: 0.5
    InstrumentNote: {fileID: 8300000, guid: 1a25931a039d349b383cf5c31dd2976c, type: 3}
    GridCoords: {x: 0, y: 0}
  - NoteNumber: 7
    IntervalBeats: 0.5
    FlashTime: 0.5
    InstrumentNote: {fileID: 8300000, guid: 1a25931a039d349b383cf5c31dd2976c, type: 3}
    GridCoords: {x: 0, y: 0}
  SearchGridWidth: 3
  SearchGridHeight: 1
  PauseAfterPlay: 0.1
  CaptureTimeLimit: 6
  FinalCountdown: 3
--- !u!114 &6850839931514044641
MonoBehaviour:
  m_ObjectHideFlags: 0
  m_CorrespondingSourceObject: {fileID: 0}
  m_PrefabInstance: {fileID: 0}
  m_PrefabAsset: {fileID: 0}
  m_GameObject: {fileID: 298695308539747971}
  m_Enabled: 1
  m_EditorHideFlags: 0
  m_Script: {fileID: 11500000, guid: 50213cfcb711a479ab41575ae00356a7, type: 3}
  m_Name: 
  m_EditorClassIdentifier: 
  backingTrack: event:/INSTRUMENTS/1_Horn
  instrument1: 
  instrument2: 
  instrument3: 
  instrument4: 
--- !u!1 &298695308740250091
GameObject:
  m_ObjectHideFlags: 0
  m_CorrespondingSourceObject: {fileID: 0}
  m_PrefabInstance: {fileID: 0}
  m_PrefabAsset: {fileID: 0}
  serializedVersion: 6
  m_Component:
  - component: {fileID: 298695308740250090}
  - component: {fileID: 298695308740250093}
  - component: {fileID: 6327236692213559468}
  m_Layer: 0
  m_Name: SR_0001MC
  m_TagString: Untagged
  m_Icon: {fileID: 0}
  m_NavMeshLayer: 0
  m_StaticEditorFlags: 0
  m_IsActive: 1
--- !u!4 &298695308740250090
Transform:
  m_ObjectHideFlags: 0
  m_CorrespondingSourceObject: {fileID: 0}
  m_PrefabInstance: {fileID: 0}
  m_PrefabAsset: {fileID: 0}
  m_GameObject: {fileID: 298695308740250091}
  m_LocalRotation: {x: 0, y: 0, z: 0, w: 1}
  m_LocalPosition: {x: 0, y: 0, z: 0}
  m_LocalScale: {x: 1, y: 1, z: 1}
  m_Children: []
  m_Father: {fileID: 298695307455265297}
  m_RootOrder: 1
  m_LocalEulerAnglesHint: {x: 0, y: 0, z: 0}
--- !u!114 &298695308740250093
MonoBehaviour:
  m_ObjectHideFlags: 0
  m_CorrespondingSourceObject: {fileID: 0}
  m_PrefabInstance: {fileID: 0}
  m_PrefabAsset: {fileID: 0}
  m_GameObject: {fileID: 298695308740250091}
  m_Enabled: 1
  m_EditorHideFlags: 0
  m_Script: {fileID: 11500000, guid: b856f4752839c4aa6aa9e730f437aee8, type: 3}
  m_Name: 
  m_EditorClassIdentifier: 
  VeilName: SR_0001MC
  LayerImage: {fileID: 0}
  Tint: {r: 0.9811321, g: 0.023139905, b: 0.87530744, a: 0.14509805}
  StoryColour: {r: 0.2124743, g: 0.03404236, b: 0.4811321, a: 1}
  FadeInBackground: 1
  FadeInAlpha: 0.15
  InstrumentText: 
  InstrumentImage: {fileID: 0}
  IntroStory: "You move deeper into the cavern and as the notes of healing you play
    echo off the walls you see the slowly see the black pool begin to clear.  The
    bottom of one of these pools begins to move.\r"
  OutroStory: 
  FailMessage: 
  EntryAudio: {fileID: 0}
  TimeoutAudio: {fileID: 8300000, guid: 7b0e5efd5bd914ec39175d1779fec97a, type: 3}
  SuccessAudio: {fileID: 8300000, guid: 8a7d4a046601e4d72b8892c21f93cbfb, type: 3}
  FailAudio: {fileID: 8300000, guid: 3c8331c4f70d74c8ba8f293e38b9b893, type: 3}
  SpendCoins: 0
  MaxTouchDistance: 6
  EntryCostLandHealth: 2
  SuccessLandHealth: 5
  FailLandHealth: 4
  NextLayerChoices:
  - ChoiceText: Throw a stone into the water
    TargetLayer: {fileID: 298695308539747973}
    HealthPercent: -100
  - ChoiceText: Recite Song of Flame
    TargetLayer: {fileID: 298695307615161910}
    HealthPercent: 0
  - ChoiceText: Walk Closer to see clearer
    TargetLayer: {fileID: 1275682993}
    HealthPercent: 0
  SkipTouchstones: 1
  BeatsPerMinute: 100
  TouchStones:
  - NoteNumber: 0
    IntervalBeats: 0.5
    FlashTime: 0.5
    InstrumentNote: {fileID: 8300000, guid: c6f2e60ae934740129c1276c22394c34, type: 3}
    GridCoords: {x: 0, y: 0}
  - NoteNumber: 0
    IntervalBeats: 0.5
    FlashTime: 0.2
    InstrumentNote: {fileID: 8300000, guid: 1688f3da7894740e9a02375f4c6475bc, type: 3}
    GridCoords: {x: 0, y: 0}
  SearchGridWidth: 2
  SearchGridHeight: 2
  PauseAfterPlay: 0.1
  CaptureTimeLimit: 6
  FinalCountdown: 3
--- !u!114 &6327236692213559468
MonoBehaviour:
  m_ObjectHideFlags: 0
  m_CorrespondingSourceObject: {fileID: 0}
  m_PrefabInstance: {fileID: 0}
  m_PrefabAsset: {fileID: 0}
  m_GameObject: {fileID: 298695308740250091}
  m_Enabled: 1
  m_EditorHideFlags: 0
  m_Script: {fileID: 11500000, guid: 50213cfcb711a479ab41575ae00356a7, type: 3}
  m_Name: 
  m_EditorClassIdentifier: 
  backingTrack: event:/INSTRUMENTS/1_Horn
  instrument1: 
  instrument2: 
  instrument3: 
  instrument4: 
