%YAML 1.1
%TAG !u! tag:unity3d.com,2011:
--- !u!1 &965730816
GameObject:
  m_ObjectHideFlags: 0
  m_CorrespondingSourceObject: {fileID: 0}
  m_PrefabInstance: {fileID: 0}
  m_PrefabAsset: {fileID: 0}
  serializedVersion: 6
  m_Component:
  - component: {fileID: 965730817}
  - component: {fileID: 965730819}
  - component: {fileID: 965730818}
  m_Layer: 0
  m_Name: SK_0004
  m_TagString: Untagged
  m_Icon: {fileID: 0}
  m_NavMeshLayer: 0
  m_StaticEditorFlags: 0
  m_IsActive: 1
--- !u!4 &965730817
Transform:
  m_ObjectHideFlags: 0
  m_CorrespondingSourceObject: {fileID: 0}
  m_PrefabInstance: {fileID: 0}
  m_PrefabAsset: {fileID: 0}
  m_GameObject: {fileID: 965730816}
  m_LocalRotation: {x: 0, y: 0, z: 0, w: 1}
  m_LocalPosition: {x: 0, y: 0, z: 0}
  m_LocalScale: {x: 1, y: 1, z: 1}
  m_Children: []
  m_Father: {fileID: 2094075241828079120}
  m_RootOrder: 4
  m_LocalEulerAnglesHint: {x: 0, y: 0, z: 0}
--- !u!114 &965730819
MonoBehaviour:
  m_ObjectHideFlags: 0
  m_CorrespondingSourceObject: {fileID: 0}
  m_PrefabInstance: {fileID: 0}
  m_PrefabAsset: {fileID: 0}
  m_GameObject: {fileID: 965730816}
  m_Enabled: 1
  m_EditorHideFlags: 0
  m_Script: {fileID: 11500000, guid: b856f4752839c4aa6aa9e730f437aee8, type: 3}
  m_Name: 
  m_EditorClassIdentifier: 
  VeilName: SK_0004
  LayerImage: {fileID: 0}
  Tint: {r: 0.9811321, g: 0.023139905, b: 0.87530744, a: 0.14509805}
  StoryColour: {r: 0.2124743, g: 0.03404236, b: 0.4811321, a: 1}
  FadeInBackground: 1
  FadeInAlpha: 0.15
  InstrumentText: 
  InstrumentImage: {fileID: 0}
  IntroStory: 'After walking for a short distance you feel the air clear up and soon
    realize you have walked into the alcove of the temple. The howling of the wind
    outside subsides as you walk inside the temple towards the light. You play the
    notes again to calm yourself '
  OutroStory: 
  FailMessage: 
  EntryAudio: {fileID: 0}
  TimeoutAudio: {fileID: 8300000, guid: 7b0e5efd5bd914ec39175d1779fec97a, type: 3}
  SuccessAudio: {fileID: 8300000, guid: 8a7d4a046601e4d72b8892c21f93cbfb, type: 3}
  FailAudio: {fileID: 8300000, guid: 3c8331c4f70d74c8ba8f293e38b9b893, type: 3}
  SpendCoins: 0
  MaxTouchDistance: 6
  EntryCostLandHealth: 2
  SuccessLandHealth: 5
  FailLandHealth: 5
  NextLayerChoices: []
  SkipTouchstones: 1
  BeatsPerMinute: 100
  TouchStones:
  - NoteNumber: 1
    IntervalBeats: 0.5
    FlashTime: 0.5
    InstrumentNote: {fileID: 8300000, guid: 097ca28d51d414f09ae3bd2a57301d75, type: 3}
    GridCoords: {x: 0, y: 0}
  - NoteNumber: 2
    IntervalBeats: 0.5
    FlashTime: 0.5
    InstrumentNote: {fileID: 8300000, guid: 720cb1f76c76f47baa1f0b6ee55d3e46, type: 3}
    GridCoords: {x: 0, y: 0}
  - NoteNumber: 3
    IntervalBeats: 0.5
    FlashTime: 1
    InstrumentNote: {fileID: 8300000, guid: 061e2df39414149be92f92d3594c2164, type: 3}
    GridCoords: {x: 0, y: 0}
  - NoteNumber: 2
    IntervalBeats: 0.5
    FlashTime: 1
    InstrumentNote: {fileID: 8300000, guid: 061e2df39414149be92f92d3594c2164, type: 3}
    GridCoords: {x: 0, y: 0}
  SearchGridWidth: 5
  SearchGridHeight: 1
  PauseAfterPlay: 0.1
  CaptureTimeLimit: 4
  FinalCountdown: 3
--- !u!114 &965730818
MonoBehaviour:
  m_ObjectHideFlags: 0
  m_CorrespondingSourceObject: {fileID: 0}
  m_PrefabInstance: {fileID: 0}
  m_PrefabAsset: {fileID: 0}
  m_GameObject: {fileID: 965730816}
  m_Enabled: 1
  m_EditorHideFlags: 0
  m_Script: {fileID: 11500000, guid: 50213cfcb711a479ab41575ae00356a7, type: 3}
  m_Name: 
  m_EditorClassIdentifier: 
  backingTrack: event:/INSTRUMENTS/1_FgrCymbals
  instrument1: 
  instrument2: 
  instrument3: 
  instrument4: 
--- !u!1 &2094075240095582299
GameObject:
  m_ObjectHideFlags: 0
  m_CorrespondingSourceObject: {fileID: 0}
  m_PrefabInstance: {fileID: 0}
  m_PrefabAsset: {fileID: 0}
  serializedVersion: 6
  m_Component:
  - component: {fileID: 2094075240095582296}
  - component: {fileID: 2094075240095582297}
  - component: {fileID: 8084008892411662968}
  m_Layer: 0
  m_Name: SK_0003
  m_TagString: Untagged
  m_Icon: {fileID: 0}
  m_NavMeshLayer: 0
  m_StaticEditorFlags: 0
  m_IsActive: 1
--- !u!4 &2094075240095582296
Transform:
  m_ObjectHideFlags: 0
  m_CorrespondingSourceObject: {fileID: 0}
  m_PrefabInstance: {fileID: 0}
  m_PrefabAsset: {fileID: 0}
  m_GameObject: {fileID: 2094075240095582299}
  m_LocalRotation: {x: 0, y: 0, z: 0, w: 1}
  m_LocalPosition: {x: 0, y: 0, z: 0}
  m_LocalScale: {x: 1, y: 1, z: 1}
  m_Children: []
  m_Father: {fileID: 2094075241828079120}
  m_RootOrder: 3
  m_LocalEulerAnglesHint: {x: 0, y: 0, z: 0}
--- !u!114 &2094075240095582297
MonoBehaviour:
  m_ObjectHideFlags: 0
  m_CorrespondingSourceObject: {fileID: 0}
  m_PrefabInstance: {fileID: 0}
  m_PrefabAsset: {fileID: 0}
  m_GameObject: {fileID: 2094075240095582299}
  m_Enabled: 1
  m_EditorHideFlags: 0
  m_Script: {fileID: 11500000, guid: b856f4752839c4aa6aa9e730f437aee8, type: 3}
  m_Name: 
  m_EditorClassIdentifier: 
  VeilName: SK_0003
  LayerImage: {fileID: 0}
  Tint: {r: 0.9811321, g: 0.023139905, b: 0.87530744, a: 0.14509805}
  StoryColour: {r: 0.2124743, g: 0.03404236, b: 0.4811321, a: 1}
  FadeInBackground: 1
  FadeInAlpha: 0.15
  InstrumentText: 
  InstrumentImage: {fileID: 0}
  IntroStory: "Upon approaching the pyramid you feel a rumble in the sands below you.
    \r"
  OutroStory: 
  FailMessage: 
  EntryAudio: {fileID: 0}
  TimeoutAudio: {fileID: 8300000, guid: 7b0e5efd5bd914ec39175d1779fec97a, type: 3}
  SuccessAudio: {fileID: 8300000, guid: 8a7d4a046601e4d72b8892c21f93cbfb, type: 3}
  FailAudio: {fileID: 8300000, guid: 3c8331c4f70d74c8ba8f293e38b9b893, type: 3}
  SpendCoins: 0
  MaxTouchDistance: 6
  EntryCostLandHealth: 2
  SuccessLandHealth: 5
  FailLandHealth: 5
  NextLayerChoices:
  - ChoiceText: 
    TargetLayer: {fileID: 965730819}
    HealthPercent: 0
  SkipTouchstones: 0
  BeatsPerMinute: 100
  TouchStones:
  - NoteNumber: 1
    IntervalBeats: 0.5
    FlashTime: 0.5
    InstrumentNote: {fileID: 8300000, guid: 097ca28d51d414f09ae3bd2a57301d75, type: 3}
    GridCoords: {x: 0, y: 0}
  - NoteNumber: 2
    IntervalBeats: 0.5
    FlashTime: 0.5
    InstrumentNote: {fileID: 8300000, guid: 720cb1f76c76f47baa1f0b6ee55d3e46, type: 3}
    GridCoords: {x: 0, y: 0}
  - NoteNumber: 3
    IntervalBeats: 0.5
    FlashTime: 1
    InstrumentNote: {fileID: 8300000, guid: 061e2df39414149be92f92d3594c2164, type: 3}
    GridCoords: {x: 0, y: 0}
  - NoteNumber: 2
    IntervalBeats: 0.5
    FlashTime: 1
    InstrumentNote: {fileID: 8300000, guid: 061e2df39414149be92f92d3594c2164, type: 3}
    GridCoords: {x: 0, y: 0}
  SearchGridWidth: 5
  SearchGridHeight: 1
  PauseAfterPlay: 0.1
  CaptureTimeLimit: 4
  FinalCountdown: 3
--- !u!114 &8084008892411662968
MonoBehaviour:
  m_ObjectHideFlags: 0
  m_CorrespondingSourceObject: {fileID: 0}
  m_PrefabInstance: {fileID: 0}
  m_PrefabAsset: {fileID: 0}
  m_GameObject: {fileID: 2094075240095582299}
  m_Enabled: 1
  m_EditorHideFlags: 0
  m_Script: {fileID: 11500000, guid: 50213cfcb711a479ab41575ae00356a7, type: 3}
  m_Name: 
  m_EditorClassIdentifier: 
  backingTrack: event:/INSTRUMENTS/1_FgrCymbals
  instrument1: 
  instrument2: 
  instrument3: 
  instrument4: 
--- !u!1 &2094075240665419718
GameObject:
  m_ObjectHideFlags: 0
  m_CorrespondingSourceObject: {fileID: 0}
  m_PrefabInstance: {fileID: 0}
  m_PrefabAsset: {fileID: 0}
  serializedVersion: 6
  m_Component:
  - component: {fileID: 2094075240665419719}
  - component: {fileID: 2094075240665419716}
  - component: {fileID: 7671285903894234063}
  m_Layer: 0
  m_Name: SK_0000
  m_TagString: Untagged
  m_Icon: {fileID: 0}
  m_NavMeshLayer: 0
  m_StaticEditorFlags: 0
  m_IsActive: 1
--- !u!4 &2094075240665419719
Transform:
  m_ObjectHideFlags: 0
  m_CorrespondingSourceObject: {fileID: 0}
  m_PrefabInstance: {fileID: 0}
  m_PrefabAsset: {fileID: 0}
  m_GameObject: {fileID: 2094075240665419718}
  m_LocalRotation: {x: 0, y: 0, z: 0, w: 1}
  m_LocalPosition: {x: 0, y: 0, z: 0}
  m_LocalScale: {x: 1, y: 1, z: 1}
  m_Children: []
  m_Father: {fileID: 2094075241828079120}
  m_RootOrder: 0
  m_LocalEulerAnglesHint: {x: 0, y: 0, z: 0}
--- !u!114 &2094075240665419716
MonoBehaviour:
  m_ObjectHideFlags: 0
  m_CorrespondingSourceObject: {fileID: 0}
  m_PrefabInstance: {fileID: 0}
  m_PrefabAsset: {fileID: 0}
  m_GameObject: {fileID: 2094075240665419718}
  m_Enabled: 1
  m_EditorHideFlags: 0
  m_Script: {fileID: 11500000, guid: b856f4752839c4aa6aa9e730f437aee8, type: 3}
  m_Name: 
  m_EditorClassIdentifier: 
  VeilName: SK_0000
  LayerImage: {fileID: 0}
  Tint: {r: 0.9811321, g: 0.023139905, b: 0.87530744, a: 0.19607843}
  StoryColour: {r: 0.2124743, g: 0.03404236, b: 0.4811321, a: 1}
  FadeInBackground: 1
  FadeInAlpha: 0.15
  InstrumentText: 
  InstrumentImage: {fileID: 0}
  IntroStory: 'You step out of the warp portal into a dark sky, thinking that it is
    night. A bright gold orange glow tells you otherwise as you look at the moon.  You
    suddenly realise that that is the sun! '
  OutroStory: 
  FailMessage: 
  EntryAudio: {fileID: 0}
  TimeoutAudio: {fileID: 8300000, guid: 7b0e5efd5bd914ec39175d1779fec97a, type: 3}
  SuccessAudio: {fileID: 8300000, guid: 8a7d4a046601e4d72b8892c21f93cbfb, type: 3}
  FailAudio: {fileID: 8300000, guid: 3c8331c4f70d74c8ba8f293e38b9b893, type: 3}
  SpendCoins: 0
  MaxTouchDistance: 6
  EntryCostLandHealth: 2
  SuccessLandHealth: 5
  FailLandHealth: 5
  NextLayerChoices:
  - ChoiceText: 
    TargetLayer: {fileID: 2094075241747331636}
    HealthPercent: 0
  SkipTouchstones: 0
  BeatsPerMinute: 100
  TouchStones:
  - NoteNumber: 1
    IntervalBeats: 0.5
    FlashTime: 0.5
    InstrumentNote: {fileID: 8300000, guid: 692a9f9c3df9244ff88a98aa4ec14972, type: 3}
    GridCoords: {x: 0, y: 0}
  - NoteNumber: 2
    IntervalBeats: 0.5
    FlashTime: 0.5
    InstrumentNote: {fileID: 8300000, guid: 53909aa9c7d0d475e80a9dd3a11f1a52, type: 3}
    GridCoords: {x: 0, y: 0}
  - NoteNumber: 3
    IntervalBeats: 0.5
    FlashTime: 0.5
    InstrumentNote: {fileID: 8300000, guid: 29e5e99b0a7d444f3bd3a11641999e14, type: 3}
    GridCoords: {x: 0, y: 0}
  SearchGridWidth: 5
  SearchGridHeight: 1
  PauseAfterPlay: 0.1
  CaptureTimeLimit: 4
  FinalCountdown: 3
--- !u!114 &7671285903894234063
MonoBehaviour:
  m_ObjectHideFlags: 0
  m_CorrespondingSourceObject: {fileID: 0}
  m_PrefabInstance: {fileID: 0}
  m_PrefabAsset: {fileID: 0}
  m_GameObject: {fileID: 2094075240665419718}
  m_Enabled: 1
  m_EditorHideFlags: 0
  m_Script: {fileID: 11500000, guid: 50213cfcb711a479ab41575ae00356a7, type: 3}
  m_Name: 
  m_EditorClassIdentifier: 
  backingTrack: event:/INSTRUMENTS/1_FgrCymbals
  instrument1: 
  instrument2: 
  instrument3: 
  instrument4: 
--- !u!1 &2094075241024391966
GameObject:
  m_ObjectHideFlags: 0
  m_CorrespondingSourceObject: {fileID: 0}
  m_PrefabInstance: {fileID: 0}
  m_PrefabAsset: {fileID: 0}
  serializedVersion: 6
  m_Component:
  - component: {fileID: 2094075241024391967}
  - component: {fileID: 2094075241024391964}
  - component: {fileID: 4658444721631113386}
  m_Layer: 0
  m_Name: SK_0002
  m_TagString: Untagged
  m_Icon: {fileID: 0}
  m_NavMeshLayer: 0
  m_StaticEditorFlags: 0
  m_IsActive: 1
--- !u!4 &2094075241024391967
Transform:
  m_ObjectHideFlags: 0
  m_CorrespondingSourceObject: {fileID: 0}
  m_PrefabInstance: {fileID: 0}
  m_PrefabAsset: {fileID: 0}
  m_GameObject: {fileID: 2094075241024391966}
  m_LocalRotation: {x: 0, y: 0, z: 0, w: 1}
  m_LocalPosition: {x: 0, y: 0, z: 0}
  m_LocalScale: {x: 1, y: 1, z: 1}
  m_Children: []
  m_Father: {fileID: 2094075241828079120}
  m_RootOrder: 2
  m_LocalEulerAnglesHint: {x: 0, y: 0, z: 0}
--- !u!114 &2094075241024391964
MonoBehaviour:
  m_ObjectHideFlags: 0
  m_CorrespondingSourceObject: {fileID: 0}
  m_PrefabInstance: {fileID: 0}
  m_PrefabAsset: {fileID: 0}
  m_GameObject: {fileID: 2094075241024391966}
  m_Enabled: 1
  m_EditorHideFlags: 0
  m_Script: {fileID: 11500000, guid: b856f4752839c4aa6aa9e730f437aee8, type: 3}
  m_Name: 
  m_EditorClassIdentifier: 
  VeilName: SK_0002
  LayerImage: {fileID: 0}
  Tint: {r: 0.9811321, g: 0.023139905, b: 0.87530744, a: 0.14509805}
  StoryColour: {r: 0.2124743, g: 0.03404236, b: 0.4811321, a: 1}
  FadeInBackground: 1
  FadeInAlpha: 0.15
  InstrumentText: 
  InstrumentImage: {fileID: 0}
  IntroStory: You plunge to your death.
  OutroStory: 
  FailMessage: 
  EntryAudio: {fileID: 0}
  TimeoutAudio: {fileID: 8300000, guid: 7b0e5efd5bd914ec39175d1779fec97a, type: 3}
  SuccessAudio: {fileID: 8300000, guid: 8a7d4a046601e4d72b8892c21f93cbfb, type: 3}
  FailAudio: {fileID: 8300000, guid: 3c8331c4f70d74c8ba8f293e38b9b893, type: 3}
  SpendCoins: 0
  MaxTouchDistance: 6
  EntryCostLandHealth: 2
  SuccessLandHealth: 5
  FailLandHealth: 5
  NextLayerChoices: []
  SkipTouchstones: 1
  BeatsPerMinute: 100
  TouchStones:
  - NoteNumber: 1
    IntervalBeats: 0.5
    FlashTime: 0.5
    InstrumentNote: {fileID: 8300000, guid: 9c5acfed51a7e4979bb826ca4c0acf3a, type: 3}
    GridCoords: {x: 0, y: 0}
  - NoteNumber: 2
    IntervalBeats: 0.5
    FlashTime: 0.5
    InstrumentNote: {fileID: 8300000, guid: dede9e9b6df144002800f6f1e2843810, type: 3}
    GridCoords: {x: 0, y: 0}
  - NoteNumber: 3
    IntervalBeats: 0.5
    FlashTime: 1
    InstrumentNote: {fileID: 8300000, guid: d06d684de22ef4dd4a46fe4fcfaf822b, type: 3}
    GridCoords: {x: 0, y: 0}
  SearchGridWidth: 3
  SearchGridHeight: 3
  PauseAfterPlay: 0.1
  CaptureTimeLimit: 4
  FinalCountdown: 3
--- !u!114 &4658444721631113386
MonoBehaviour:
  m_ObjectHideFlags: 0
  m_CorrespondingSourceObject: {fileID: 0}
  m_PrefabInstance: {fileID: 0}
  m_PrefabAsset: {fileID: 0}
  m_GameObject: {fileID: 2094075241024391966}
  m_Enabled: 1
  m_EditorHideFlags: 0
  m_Script: {fileID: 11500000, guid: 50213cfcb711a479ab41575ae00356a7, type: 3}
  m_Name: 
  m_EditorClassIdentifier: 
  backingTrack: event:/INSTRUMENTS/1_FgrCymbals
  instrument1: 
  instrument2: 
  instrument3: 
  instrument4: 
--- !u!1 &2094075241747331638
GameObject:
  m_ObjectHideFlags: 0
  m_CorrespondingSourceObject: {fileID: 0}
  m_PrefabInstance: {fileID: 0}
  m_PrefabAsset: {fileID: 0}
  serializedVersion: 6
  m_Component:
  - component: {fileID: 2094075241747331639}
  - component: {fileID: 2094075241747331636}
  - component: {fileID: 9142059398264886650}
  m_Layer: 0
  m_Name: SK_0001MC
  m_TagString: Untagged
  m_Icon: {fileID: 0}
  m_NavMeshLayer: 0
  m_StaticEditorFlags: 0
  m_IsActive: 1
--- !u!4 &2094075241747331639
Transform:
  m_ObjectHideFlags: 0
  m_CorrespondingSourceObject: {fileID: 0}
  m_PrefabInstance: {fileID: 0}
  m_PrefabAsset: {fileID: 0}
  m_GameObject: {fileID: 2094075241747331638}
  m_LocalRotation: {x: 0, y: 0, z: 0, w: 1}
  m_LocalPosition: {x: 0, y: 0, z: 0}
  m_LocalScale: {x: 1, y: 1, z: 1}
  m_Children: []
  m_Father: {fileID: 2094075241828079120}
  m_RootOrder: 1
  m_LocalEulerAnglesHint: {x: 0, y: 0, z: 0}
--- !u!114 &2094075241747331636
MonoBehaviour:
  m_ObjectHideFlags: 0
  m_CorrespondingSourceObject: {fileID: 0}
  m_PrefabInstance: {fileID: 0}
  m_PrefabAsset: {fileID: 0}
  m_GameObject: {fileID: 2094075241747331638}
  m_Enabled: 1
  m_EditorHideFlags: 0
  m_Script: {fileID: 11500000, guid: b856f4752839c4aa6aa9e730f437aee8, type: 3}
  m_Name: 
  m_EditorClassIdentifier: 
  VeilName: SK_0001MC
  LayerImage: {fileID: 0}
  Tint: {r: 0.9811321, g: 0.023139905, b: 0.87530744, a: 0.14509805}
  StoryColour: {r: 0.2124743, g: 0.03404236, b: 0.4811321, a: 1}
  FadeInBackground: 1
  FadeInAlpha: 0.15
  InstrumentText: 
  InstrumentImage: {fileID: 0}
  IntroStory: 'The sun is blanketed in complete ashen clouds. You start to breath
    the air and cough immediately.  You feel like you''ve just breathed in sand and
    ash.  Bringing up your tunic to cover your nose and mouth you see two ways forward. '
  OutroStory: 
  FailMessage: 
  EntryAudio: {fileID: 0}
  TimeoutAudio: {fileID: 8300000, guid: 7b0e5efd5bd914ec39175d1779fec97a, type: 3}
  SuccessAudio: {fileID: 8300000, guid: 8a7d4a046601e4d72b8892c21f93cbfb, type: 3}
  FailAudio: {fileID: 8300000, guid: 3c8331c4f70d74c8ba8f293e38b9b893, type: 3}
  SpendCoins: 0
  MaxTouchDistance: 6
  EntryCostLandHealth: 2
  SuccessLandHealth: 5
  FailLandHealth: 5
  NextLayerChoices:
  - ChoiceText: Jump over the rocks blocking the path
    TargetLayer: {fileID: 2094075241024391964}
    HealthPercent: -100
  - ChoiceText: Move around the rock formation
    TargetLayer: {fileID: 2094075240095582297}
    HealthPercent: 0
  SkipTouchstones: 1
  BeatsPerMinute: 100
  TouchStones:
  - NoteNumber: 0
    IntervalBeats: 0.5
    FlashTime: 0.5
    InstrumentNote: {fileID: 8300000, guid: 3fb237541005e4c0b9febee58581714b, type: 3}
    GridCoords: {x: 0, y: 0}
  - NoteNumber: 1
    IntervalBeats: 0.5
    FlashTime: 0.5
    InstrumentNote: {fileID: 8300000, guid: e0a489d7bd7df405293cf00b12e3b8fc, type: 3}
    GridCoords: {x: 0, y: 0}
  - NoteNumber: 1
    IntervalBeats: 0.5
    FlashTime: 0.5
    InstrumentNote: {fileID: 8300000, guid: f7d666709102b4b2a9c951bd86dbdfc7, type: 3}
    GridCoords: {x: 0, y: 0}
  - NoteNumber: 2
    IntervalBeats: 0.5
    FlashTime: 0.5
    InstrumentNote: {fileID: 8300000, guid: 3c70537d8ad1440f0916660dd9f3fa2f, type: 3}
    GridCoords: {x: 0, y: 0}
  SearchGridWidth: 4
  SearchGridHeight: 3
  PauseAfterPlay: 0.1
  CaptureTimeLimit: 4
  FinalCountdown: 3
--- !u!114 &9142059398264886650
MonoBehaviour:
  m_ObjectHideFlags: 0
  m_CorrespondingSourceObject: {fileID: 0}
  m_PrefabInstance: {fileID: 0}
  m_PrefabAsset: {fileID: 0}
  m_GameObject: {fileID: 2094075241747331638}
  m_Enabled: 1
  m_EditorHideFlags: 0
  m_Script: {fileID: 11500000, guid: 50213cfcb711a479ab41575ae00356a7, type: 3}
  m_Name: 
  m_EditorClassIdentifier: 
  backingTrack: event:/INSTRUMENTS/1_FgrCymbals
  instrument1: 
  instrument2: 
  instrument3: 
  instrument4: 
--- !u!1 &2094075241828079123
GameObject:
  m_ObjectHideFlags: 0
  m_CorrespondingSourceObject: {fileID: 0}
  m_PrefabInstance: {fileID: 0}
  m_PrefabAsset: {fileID: 0}
  serializedVersion: 6
  m_Component:
  - component: {fileID: 2094075241828079120}
  - component: {fileID: 2094075241828079121}
  - component: {fileID: 1790024363694389032}
  - component: {fileID: 3605223342111900737}
  m_Layer: 0
  m_Name: Sky
  m_TagString: Untagged
  m_Icon: {fileID: 0}
  m_NavMeshLayer: 0
  m_StaticEditorFlags: 0
  m_IsActive: 1
--- !u!4 &2094075241828079120
Transform:
  m_ObjectHideFlags: 0
  m_CorrespondingSourceObject: {fileID: 0}
  m_PrefabInstance: {fileID: 0}
  m_PrefabAsset: {fileID: 0}
  m_GameObject: {fileID: 2094075241828079123}
  m_LocalRotation: {x: 0, y: 0, z: 0, w: 1}
  m_LocalPosition: {x: 0, y: 0, z: 0}
  m_LocalScale: {x: 1, y: 1, z: 1}
  m_Children:
  - {fileID: 2094075240665419719}
  - {fileID: 2094075241747331639}
  - {fileID: 2094075241024391967}
  - {fileID: 2094075240095582296}
  - {fileID: 965730817}
  m_Father: {fileID: 0}
  m_RootOrder: 0
  m_LocalEulerAnglesHint: {x: 0, y: 0, z: 0}
--- !u!114 &2094075241828079121
MonoBehaviour:
  m_ObjectHideFlags: 0
  m_CorrespondingSourceObject: {fileID: 0}
  m_PrefabInstance: {fileID: 0}
  m_PrefabAsset: {fileID: 0}
  m_GameObject: {fileID: 2094075241828079123}
  m_Enabled: 1
  m_EditorHideFlags: 0
  m_Script: {fileID: 11500000, guid: 69c0db084697b45e897aa6931dc3972f, type: 3}
  m_Name: 
  m_EditorClassIdentifier: 
  RealmSong: {fileID: 0}
  RealmSongTitle: Sky Warp
  RealmName: Sky Realm
  RealmSongName: 
  Story: "The sky is blackened by the smoke of war\r\nDark ashes blanket where birds
    once soared\r\nOnward travel, oh ye brave bard\r\nFor All realms depend on your
    final rush"
  LearnSongText: 'You''re ready to learn

    The Song of The Sky Realm!'
  InstrumentText: Cymbals
  InstrumentImage: {fileID: 21300000, guid: 639e0050be2d742d19d2afc20e20d621, type: 3}
  RealmBackgroundBW: {fileID: 21300000, guid: 26a1cda3a1b1343deaa86bd50c7d973d, type: 3}
  RealmBackground: {fileID: 21300000, guid: 8d6166970c0ad40b58d659e11c69b387, type: 3}
  StoryColour: {r: 0.509434, g: 0.507031, b: 0.507031, a: 1}
  FilterTint: {r: 0.38166362, g: 0.2781239, b: 0.4716981, a: 0}
  StoryTextTime: 1
  RealmEntryAudio: {fileID: 0}
  RealmLayers:
  - {fileID: 2094075240665419716}
  - {fileID: 2094075241747331636}
  - {fileID: 2094075241024391964}
  - {fileID: 2094075240095582297}
  - {fileID: 965730819}
  UnveilLayers: 0
  FailMessage: The Land has Suffered...
  SongLearntMessage: 'Both Sky and Moon Realms have linked again. '
  RealmBGMAudioSource: {fileID: 1790024363694389032}
  BGMFadeTime: 0.5
  RealmSFXAudioSource: {fileID: 3605223342111900737}
  LearnGridWidth: 2
  LearnGridHeight: 2
  Tolerance: 0
  PassScore: 6000
  LandHealth: 10
  FailLandHealth: 5
--- !u!82 &1790024363694389032
AudioSource:
  m_ObjectHideFlags: 0
  m_CorrespondingSourceObject: {fileID: 0}
  m_PrefabInstance: {fileID: 0}
  m_PrefabAsset: {fileID: 0}
  m_GameObject: {fileID: 2094075241828079123}
  m_Enabled: 1
  serializedVersion: 4
  OutputAudioMixerGroup: {fileID: -9208959844455250824, guid: a29baeb90c992495289772bcb3fde24a,
    type: 2}
  m_audioClip: {fileID: 8300000, guid: 586bee011b0324eb9a29d1a450492eae, type: 3}
  m_PlayOnAwake: 0
  m_Volume: 1
  m_Pitch: 1
  Loop: 1
  Mute: 0
  Spatialize: 0
  SpatializePostEffects: 0
  Priority: 128
  DopplerLevel: 1
  MinDistance: 1
  MaxDistance: 500
  Pan2D: 0
  rolloffMode: 0
  BypassEffects: 0
  BypassListenerEffects: 0
  BypassReverbZones: 0
  rolloffCustomCurve:
    serializedVersion: 2
    m_Curve:
    - serializedVersion: 3
      time: 0
      value: 1
      inSlope: 0
      outSlope: 0
      tangentMode: 0
      weightedMode: 0
      inWeight: 0.33333334
      outWeight: 0.33333334
    - serializedVersion: 3
      time: 1
      value: 0
      inSlope: 0
      outSlope: 0
      tangentMode: 0
      weightedMode: 0
      inWeight: 0.33333334
      outWeight: 0.33333334
    m_PreInfinity: 2
    m_PostInfinity: 2
    m_RotationOrder: 4
  panLevelCustomCurve:
    serializedVersion: 2
    m_Curve:
    - serializedVersion: 3
      time: 0
      value: 0
      inSlope: 0
      outSlope: 0
      tangentMode: 0
      weightedMode: 0
      inWeight: 0.33333334
      outWeight: 0.33333334
    m_PreInfinity: 2
    m_PostInfinity: 2
    m_RotationOrder: 4
  spreadCustomCurve:
    serializedVersion: 2
    m_Curve:
    - serializedVersion: 3
      time: 0
      value: 0
      inSlope: 0
      outSlope: 0
      tangentMode: 0
      weightedMode: 0
      inWeight: 0.33333334
      outWeight: 0.33333334
    m_PreInfinity: 2
    m_PostInfinity: 2
    m_RotationOrder: 4
  reverbZoneMixCustomCurve:
    serializedVersion: 2
    m_Curve:
    - serializedVersion: 3
      time: 0
      value: 1
      inSlope: 0
      outSlope: 0
      tangentMode: 0
      weightedMode: 0
      inWeight: 0.33333334
      outWeight: 0.33333334
    m_PreInfinity: 2
    m_PostInfinity: 2
    m_RotationOrder: 4
--- !u!82 &3605223342111900737
AudioSource:
  m_ObjectHideFlags: 0
  m_CorrespondingSourceObject: {fileID: 0}
  m_PrefabInstance: {fileID: 0}
  m_PrefabAsset: {fileID: 0}
  m_GameObject: {fileID: 2094075241828079123}
  m_Enabled: 1
  serializedVersion: 4
  OutputAudioMixerGroup: {fileID: -7220700795550918986, guid: a29baeb90c992495289772bcb3fde24a,
    type: 2}
  m_audioClip: {fileID: 0}
  m_PlayOnAwake: 0
  m_Volume: 1
  m_Pitch: 1
  Loop: 0
  Mute: 0
  Spatialize: 0
  SpatializePostEffects: 0
  Priority: 128
  DopplerLevel: 1
  MinDistance: 1
  MaxDistance: 500
  Pan2D: 0
  rolloffMode: 0
  BypassEffects: 0
  BypassListenerEffects: 0
  BypassReverbZones: 0
  rolloffCustomCurve:
    serializedVersion: 2
    m_Curve:
    - serializedVersion: 3
      time: 0
      value: 1
      inSlope: 0
      outSlope: 0
      tangentMode: 0
      weightedMode: 0
      inWeight: 0.33333334
      outWeight: 0.33333334
    - serializedVersion: 3
      time: 1
      value: 0
      inSlope: 0
      outSlope: 0
      tangentMode: 0
      weightedMode: 0
      inWeight: 0.33333334
      outWeight: 0.33333334
    m_PreInfinity: 2
    m_PostInfinity: 2
    m_RotationOrder: 4
  panLevelCustomCurve:
    serializedVersion: 2
    m_Curve:
    - serializedVersion: 3
      time: 0
      value: 0
      inSlope: 0
      outSlope: 0
      tangentMode: 0
      weightedMode: 0
      inWeight: 0.33333334
      outWeight: 0.33333334
    m_PreInfinity: 2
    m_PostInfinity: 2
    m_RotationOrder: 4
  spreadCustomCurve:
    serializedVersion: 2
    m_Curve:
    - serializedVersion: 3
      time: 0
      value: 0
      inSlope: 0
      outSlope: 0
      tangentMode: 0
      weightedMode: 0
      inWeight: 0.33333334
      outWeight: 0.33333334
    m_PreInfinity: 2
    m_PostInfinity: 2
    m_RotationOrder: 4
  reverbZoneMixCustomCurve:
    serializedVersion: 2
    m_Curve:
    - serializedVersion: 3
      time: 0
      value: 1
      inSlope: 0
      outSlope: 0
      tangentMode: 0
      weightedMode: 0
      inWeight: 0.33333334
      outWeight: 0.33333334
    m_PreInfinity: 2
    m_PostInfinity: 2
    m_RotationOrder: 4
